3098 4732
766 191 806 256 13

197 383 282 452 ἐστὶ
309 393 523 468 κατηγορεῖν·
552 375 641 468 πλὴν
662 377 821 464 ,τοσοῦτόν
844 401 881 464 γε
905 373 945 444 ἀν
967 379 1103 458 δικαίως
1126 375 1239 458 αὐτοῖς
1262 381 1378 468 ἀμφο-

196 492 306 572 τέροις
328 489 538 572 μεμψαίμην,
560 479 612 548 ὅτι
634 479 700 548 κτέ.
722 484 852 566 (praest).

267 581 323 652 Ἰ).
346 591 375 667 2,
397 589 483 670 3sq.
504 582 542 650 τὸ
565 584 627 668 μὲν
650 573 708 650 σύν
734 584 910 650 Φιλίππου
933 579 1047 670 ῥώμην
1074 582 1230 664 διεξιέναι
1256 586 1312 650 καὶ
1335 621 1376 632 -

196 686 281 772 οάχλ
303 689 432 766 καλῶς
458 686 564 768 ἐχειν
587 679 764 773 ἡγοῦμαι.
796 680 851 750 διὰ
868 689 914 764 τίς
936 681 987 750 ὅτι
1010 719 1061 747 -.
1091 685 1286 769 ταῦταμὲν
1310 675 1378 752 οἷν

196 793 447 878 παραλείψω.
498 790 554 854 καί
587 784 649 874 γάρ
684 785 716 852 εἰ
744 823 793 850 -.
837 778 883 852 ὧν
910 776 975 852 οὖν
1003 821 1054 867 -—,
1084 781 1168 869 ούχὶ
1202 789 1265 852 νύν
1297 781 1378 874 ἀρῶ

195 893 260 960 τὸν
282 889 418 979 καιρὸν
440 895 508 958 τοῦ
533 891 662 975 λέγειν
685 889 822 974 (insigne
839 888 998 973 peribolos
1017 889 1210 973 eitemplum,
1232 889 1271 955 ef.
1289 890 1378 955 Reh-

196 997 301 1061 danssz.
323 995 364 1063 ad
385 995 424 1075 1.).

235 1095 237 1100 ’
279 1098 318 1163 D.
340 1101 390 1172 20,
415 1097 455 1163 16
478 1092 519 1160 ὃν
541 1095 603 1178 μὲν
625 1084 682 1160 οὖν
704 1091 832 1178 τρόπον
851 1129 903 1173 -,
925 1095 990 1159 καὶ
1009 1089 1059 1172 ὥς
1081 1129 1132 1174 -,
1154 1096 1220 1162 καί
1241 1090 1298 1160 δυ’
1324 1131 1379 1177 -,

194 1207 258 1267 καὶ
284 1198 345 1268 ότι
368 1235 417 1279 -,
440 1195 528 1264 οότε
560 1195 660 1262 πάνυ
693 1193 834 1283 ῥηίδιον
860 1190 958 1261 κατὰ
988 1191 1056 1284 τὴν
1085 1195 1196 1278 ἀξίαν
1228 1195 1377 1271 εἰπεῖν,

73 1369 78 1377 .
194 1300 323 1390 πολλή
350 1297 382 1366 τ’
407 1297 567 1388 αἰσχύνη
597 1299 784 1384 λέγοντος
812 1295 906 1381 ἐμοῦ
933 1293 1039 1364 ταῦτ’
1070 1296 1220 1365 ἐλάττω
1249 1303 1378 1386 φανῆ-

194 1429 258 1470 ναι
297 1402 366 1490 τῆς
406 1400 450 1468 ἐν
486 1399 639 1486 ἑκάστῳ
680 1401 773 1486 περὶ
813 1395 930 1464 αὐτοῦ
971 1397 1085 1488 δόξης
1120 1394 1378 1488 ὑπαρχούσης

194 1506 301 1586 (Ατὶεί.
324 1503 366 1586 Π,
388 1507 448 1570 481
474 1526 520 1588 sq.
543 1501 709 1588 Spengel.).
747 1499 831 1565 Plat.
850 1499 976 1566 Menex.
994 1503 1088 1568 2391)
1110 1498 1290 1585 Εὐμόλπου
1313 1505 1377 1587 μὲν

194 1601 251 1674 οὖν
279 1609 344 1674 καί
367 1603 558 1689 Ἀμαζόνων
581 1641 621 1652 -
645 1606 709 1670 καί
732 1639 773 1655 -
797 1598 847 1681 ιῦς
871 1599 1048 1691 ἠμύναντο,
1078 1607 1145 1670 καί
1173 1599 1221 1698 ὥς
1249 1602 1376 1692 ἤμυναν

193 1745 232 1758 -
261 1711 340 1776 Ικαὶ
371 1745 421 1788 -,
452 1705 472 1774 ὅ
502 1729 544 1772 τε
579 1704 722 1792 χρόνος
755 1703 901 1793 βραχύς
937 1701 1056 1787 ἀξίως
1091 1705 1376 1796 διηγήσασθαι,

196 1815 362 1898 ποιηταί
387 1831 429 1876 τε
458 1805 583 1874 αάτῷν
606 1805 676 1896 ἤδη
707 1807 852 1886 ἱκανῶς
874 1805 942 1894 τὴν
966 1803 1107 1896 ἀρετὴν
1130 1845 1170 1856 -·
1194 1809 1252 1888 εἰς
1274 1807 1375 1875 πάν-

195 1937 263 1990 τας
293 1907 570 1999 μεμηνύκασιν.
615 1906 673 1976 ἐὰν
701 1893 831 1976 οὗν-ἕ.
874 1913 978 1976 ταῦτα
1004 1911 1075 1994 μὲν
1103 1901 1169 1976 οὗν
1193 1909 1249 1977 διὰ
1269 1915 1375 1977 ταῦτα

196 2013 309 2080 δοκεῖ
326 2037 394 2103 μοι
416 2011 495 2093 ἐᾶν,
517 2010 635 2100 ἐπειδὴ
655 2013 711 2077 καὶ
729 2009 797 2093 ἔχει
815 2007 874 2098 τὴν
894 2008 997 2092 ἀξίαν.
1028 2009 1112 2096 Hyp.
1131 2012 1206 2096 epit.
1225 2011 1275 2076 III
1292 2015 1373 2100 περὶ
1463 2007 1474 2016 ”

194 2118 255 2200 μὲν
282 2105 339 2182 σύν
364 2118 424 2203 τῆς
450 2111 584 2191 πόλεως
611 2113 767 2194 διεξιέναι
793 2110 831 2180 τὸ
859 2108 941 2180 καθ’
966 2113 1106 2180 ἕκαστον
1135 2105 1180 2180 ὧν
1207 2111 1374 2202 πρότερον

193 2215 429 2307 (εύηργέτηκεν)
454 2221 568 2282 πᾶσαν
593 2212 653 2304 τὴν
676 2209 813 2282 Ἑλλάδα
845 2212 934 2281 σύτο
966 2210 983 2281 ό
1013 2213 1155 2302 χρόνος
1186 2219 1204 2282 ὁ
1236 2216 1374 2302 παριῖιν

196 2318 341 2401 ἱκανός,
364 2315 451 2385 ούτε
475 2307 499 2384 ὅ
516 2315 651 2404 καιρὸς
674 2312 878 2401 ἁρμόττων
900 2322 952 2404 τῷ
974 2319 1256 2406 μακρολογεῖν,
1283 2317 1372 2386 ούτε

195 2423 332 2512 ῥᾴδιον
371 2419 437 2488 ἕνα
474 2417 565 2486 όντα
599 2418 795 2498 τοσαύτας
836 2421 901 2486 καί
934 2419 1173 2509 τηλικαύτας
1208 2419 1374 2508 πράξεις

194 2526 385 2594 ἐπελθεῖν
412 2523 572 2604 (διελθεῖν
598 2519 728 2607 Saupp.)
760 2524 828 2588 καί
858 2527 1149 2610 μνημονεῦσαι·
1180 2522 1238 2590 ἐπὶ
1265 2548 1374 2611 κεφα-

194 2632 296 2695 λαίων
316 2622 345 2692 δ’
367 2621 426 2691 ούκ
446 2622 576 2711 ὀκνήσω
593 2625 703 2690 εἰπεῖν
722 2626 803 2708 περὶ
821 2619 921 2712 αάτης
937 2626 1067 2709 (ματαία).
1093 2621 1150 2707 (D.)
1163 2628 1214 2706 43,
1232 2628 1274 2692 20
1291 2627 1373 2713 περὶ

194 2732 255 2814 μὲν
275 2718 331 2795 οὖν
354 2761 398 2776 -
418 2732 456 2792 τί
479 2722 522 2792 άν
546 2721 742 2812 ἐγώύμῖν,
766 2717 792 2790 ὦ
815 2723 845 2791 ά.
865 2725 902 2806 δ.,
923 2723 1133 2813 πράγματα
1156 2732 1375 2813 παρέχοιμι

194 2828 215 2922 ἢ
243 2829 410 2915 ἐμαυτῷ,
433 2826 657 2916 ’ἐξηγούμενος
679 2829 760 2914 περὶ
784 2823 939 2910 ἑκάστους
965 2823 1057 2906 ’όντες
1078 2827 1140 2914 γάρ
1164 2863 1213 2892 -.
1257 2835 1374 2914 περί-

193 2955 309 3020 εργον
336 2929 380 3020 δή
407 2955 475 3015 μοι
504 2930 617 2996 δοκεῖ
637 2924 740 2996 εἶναι
763 2931 869 3015 λέγειν
891 2953 924 2996 τι
946 2933 1026 3016 περὶ
1048 2929 1183 3012 τούτων,
1206 2929 1294 3019 πλὴν
1317 2929 1368 2998 δυ’

194 3035 231 3118 ἐξ
253 3033 397 3122 ἀνάγκης
420 3033 509 3102 ἐστὶν
532 3032 792 3122 ἐπιμνησθῆναι.
826 3031 884 3114 (D.)
904 3034 956 3114 48,
976 3036 993 3099 λ
1017 3030 1081 3100 ὅσα
1102 3033 1163 3117 μὲν
1186 3024 1243 3100 υάν
1265 3071 1316 3116 -,
1337 3039 1373 3100 τί

193 3134 233 3205 ἀν
257 3133 321 3224 ἐγὼ
343 3142 446 3203 ταῦτα
470 3133 685 3224 διηγούμενος
708 3131 729 3224 ἢ
750 3129 839 3219 ύμῖν
867 3133 1081 3222 πράγματα
1108 3141 1323 3222 παρέχοιμι
1349 3131 1374 3223 ἢ

194 3239 347 3326 ἐμαυτῷ
384 3237 601 3327 ἐνοχλοίην,
630 3237 698 3303 Has
732 3238 811 3302 duas
837 3238 999 3304 orationes
1030 3237 1070 3302 ab
1102 3238 1211 3303 eodem
1241 3238 1372 3302 homino

194 3327 387 3426 conipositas
409 3360 477 3405 esse
498 3341 630 3405 idoneas
652 3341 693 3405 ob
716 3361 828 3404 causas
850 3361 869 3404 α
891 3360 1037 3404 sermone
1063 3340 1266 3425 potissimum
1287 3340 1376 3424 μείλ-

194 3447 244 3507 tas
275 3443 390 3507 είοίαὶί
412 3439 452 3505 Α.
474 3439 821 3506 8ο1οε1ετ.οεωοείλι.
847 3439 910 3520 ΙΠ,
934 3443 967 3522 2,
998 3463 1028 3525 p.
1051 3443 1114 3508 240
1136 3461 1182 3526 sq.
1230 3439 1322 3515 Quod
1344 3437 1372 3505 si

194 3563 305 3607 verum
332 3547 395 3625 est,
423 3541 532 3606 licebit
563 3543 660 3607 etiam
688 3543 792 3608 altera
818 3543 859 3608 ad
885 3543 1017 3607 alterius
1045 3544 1144 3608 verba
1174 3543 1375 3610 emendanda

194 3645 251 3709 uti.
304 3643 384 3709 Cum
416 3644 518 3730 igitur
549 3637 709 3730 S'aup'pius
740 3648 796 3726 48,
829 3648 846 3711 7
879 3645 1081 3710 scribendum
1117 3650 1210 3730 putet
1244 3643 1265 3734 ἢ
1294 3642 1374 3730 ύμῖν

194 3747 364 3833 ἐνοχλοίην
391 3742 412 3834 ἢ
439 3745 570 3834 ἐμαυτῷ
598 3744 780 3835 πράγματα
807 3752 1001 3834 παρέχοιμι,
1032 3747 1179 3832 equidem
1205 3752 1374 3832 permotus

193 3851 241 3932 iis,
262 3869 344 3935 quae
363 3847 482 3932 scripta
499 3849 653 3935 leguntur
670 3853 721 3931 43,
740 3853 791 3931 20,
808 3850 941 3914 verbum
960 3848 1130 3939 ἐνοχλοίην
1151 3854 1189 3914 ut
1213 3871 1251 3914 ex
1268 3851 1387 3927 inter-4

193 3952 375 4037 pretatione
397 3957 504 4018 ortum
527 3953 734 4018 exterminari
756 3953 879 4034 malim3
902 3951 942 4015 of.
966 3952 1062 4016 etiam
1084 3951 1126 4016 Is.
1151 3955 1199 4032 12,
1220 3954 1280 4017 211
1306 3975 1375 4017 wo·-

194 4053 251 4121 λύν
269 4051 366 4137 ὄχλον
387 4051 519 4140 ἐμαυτῷ
541 4050 569 4119 τ’
590 4050 630 4120 ἀν
648 4053 858 4142 παράσχοιμι
879 4055 1029 4131 καὶτοῖς
1052 4050 1236 4120 ἀκούουσιν.
1271 4051 1374 4118 Rem-

94 4171 102 4184 ·
194 4179 256 4240 que
283 4160 320 4221 ut
346 4159 397 4239 48,
413 4159 443 4223 Ιλ
470 4156 518 4222 ita
545 4156 642 4220 etiam
663 4160 715 4238 43,
737 4160 780 4223 20
805 4153 944 4239 repetita
965 4156 1123 4239 parficula
1146 4151 1167 4240 ἢ
1187 4149 1264 4238 ύμῖν
1285 4189 1326 4202 -
1351 4152 1374 4244 ἢ

194 4257 326 4346 ἐμαυτῷ
352 4259 555 4328 scribendum
582 4281 649 4324 osse
675 4257 873 4324 credidenim.
916 4255 962 4322 01.
985 4255 1058 4342 Lys.
1082 4260 1130 4333 12,
1155 4261 1172 4323 1
1201 4255 1326 4346 ἀνάγκη
1350 4253 1374 4345 ἢ
