3098 4732
784 186 826 250 34

729 265 881 280 -ο--μ-Δ-

220 372 279 454 ΠΙ,
302 376 357 455 32,
373 376 417 440 81
446 371 535 438 Dies
562 369 735 452 deficiat,
761 371 789 436 si
814 371 929 436 velim
955 391 1138 452 numerere,
1163 369 1278 454 quibus
1300 371 1393 436 bonis

221 475 305 540 mole
332 473 486 556 evenerit,
516 495 575 538 nec
600 474 719 553 minus,
749 474 777 536 si
807 493 1062 552 commemorem,
1092 470 1208 557 quibus
1238 473 1393 557 improbis

220 577 349 662 optime.
392 574 439 642 cf.
461 576 559 641 ctiam
581 573 657 640 Sall.
679 573 755 661 Jug.
776 577 831 655 42,
853 575 873 640 5
900 572 963 640 Sed
986 574 1024 638 de
1046 575 1161 640 studiis
1187 575 1328 660 portium
1350 611 1392 622 -

220 679 248 744 si
274 679 462 764 singulatim
489 682 546 744 out
571 699 631 764 pro
657 677 881 764 magnitudine
912 697 1040 761 parem
1069 673 1236 757 disserere,
1265 680 1392 761 tempus

220 801 319 866 quum
335 801 386 846 res
404 781 563 846 maturius
584 801 635 844 me
658 779 809 845 deserat
830 780 906 859 (ver.
924 777 1091 859 deseret)
1110 814 1150 825 -
1169 777 1250 843 Plnt
1267 776 1393 844 Monere

221 883 315 949 2461)
345 884 471 949 πολλαὶ
496 878 558 968 γάρ
586 877 626 948 άν
653 883 773 970 ἡμέραι
800 882 856 946 καὶ
881 875 995 958 νδκτες
1022 875 1080 963 οὐχ
1107 879 1218 947 ἱκαναί
1244 885 1392 966 γένοιντο

219 989 267 1072 τῷ
287 980 330 1050 τὰ
352 981 463 1050 πάντα
484 983 638 1067 μέλλοντι
659 987 841 1068 περαίνειν.
1152 1047 1155 1059 ,

304 1084 336 1150 Α
357 1085 436 1152 locis
452 1085 630 1166 Isocrateis,
652 1106 731 1169 quos
753 1084 848 1149 modo
869 1083 999 1168 protuli,
1020 1105 1121 1169 prope
1142 1083 1260 1150 absunt
1282 1082 1324 1148 Is.
1344 1085 1393 1166 12,

222 1188 284 1254 142
311 1183 482 1254 ἆπείποι
510 1183 540 1252 δ’
565 1183 610 1252 άν
636 1211 696 1265 τις
717 1185 890 1274 γράφων,
917 1185 948 1252 εί
970 1183 1083 1265 πάσας
1104 1184 1164 1265 τὰς
1185 1191 1392 1276 κακοηθείας

224 1289 280 1356 καί
302 1295 466 1377 πονηρίας
489 1288 723 1374 ἐξαριθμεῖν
747 1286 1052 1376 ἐπιχειρήσειεν.
1088 1284 1128 1367 ἃς
1150 1286 1274 1356 ἐκεῖνον
1293 1285 1392 1377 μισή-

223 1413 342 1468 σαντες
363 1389 429 1457 κτέ.
467 1389 508 1456 Is
526 1394 556 1473 6,
577 1395 618 1458 47
642 1387 889 1474 άπείποιμεν
911 1386 944 1456 δ’
969 1385 1008 1457 δν
1031 1386 1243 1470 ἀκούοντές
1264 1413 1305 1456 τε
1328 1393 1391 1458 καί

222 1494 420 1578 λέγοντες,
456 1492 488 1560 εί
518 1491 648 1572 πάσας
677 1490 738 1572 τὰς
766 1491 922 1572 τοιαύτας
957 1490 1096 1578 πράξεῖς
1127 1490 1391 1577 ἐξετάζοιμεν,

221 1592 299 1661 ἐπεὶ
330 1596 477 1661 καὶτῶν
508 1597 589 1681 περὶ
618 1593 733 1684 Θήβας
763 1601 986 1682 πραχθέντων
1018 1594 1049 1661 εί
1078 1599 1303 1684 μνησθεῖμεν,
1334 1593 1390 1662 ἐπί

222 1696 284 1780 μὲν
305 1709 378 1776 τοῖς
399 1703 629 1786 γεγενημένοις
652 1693 691 1764 iv
714 1699 936 1786 λυπηθεῖμεν,
961 1700 1043 1784 περὶ
1060 1697 1097 1763 δέ
1115 1701 1181 1764 τῶν
1203 1695 1386 1782 μελλόντων
1438 1703 1443 1716 “

222 1800 376 1882 βελτίους
397 1796 537 1877 ἐλπίδας
560 1793 600 1866 ἂν
622 1796 791 1883 λάβοιμεν.
830 1797 1067 1890 τολμησάντων
1088 1797 1151 1886 γὰρ
1174 1798 1240 1866 κτέ.
1278 1798 1320 1864 Ιε.
1344 1797 1390 1880 15,

220 1901 264 1966 46
287 1899 344 1990 ε’ίη
368 1895 399 1967 δ’
425 1896 469 1968 άν
488 1896 531 1968 οδ
552 1899 690 1987 μικρὸν
712 1899 839 1988 ἐρμον,
862 1900 894 1968 εί
915 1898 1046 1979 πάσας
1065 1927 1116 1980 τις
1136 1898 1197 1980 τὰς
1220 1901 1312 1979 ἰδέας
1332 1897 1392 1978 τὰς

220 2007 287 2066 τῶν
319 2001 424 2088 λόγων
462 2002 699 2090 ἐξαριθμεῖν
735 2001 1046 2092 ἐπιχειρήσειεν·
1082 1995 1121 2090 ἧς
1156 1997 1186 2067 δ’
1220 1993 1285 2070 οὖν
1317 2003 1392 2085 ἐμοὶ

221 2101 395 2192 προσήκει,
415 2102 536 2192 ταύτης
556 2107 723 2193 μνησθεὶς
745 2101 846 2172 ἐάσω
868 2102 929 2182 τὰς
951 2101 1062 2182 άλλας.

306 2206 337 2286 ὃ)
357 2205 521 2272 Poculiere
543 2206 703 2290 quoddam
725 2227 837 2292 genus,
858 2207 914 2271 sed
931 2206 1106 2292 quodcum
1123 2207 1172 2289 iis,
1194 2228 1276 2293 quse
1297 2207 1393 2274 modo

220 2310 407 2392 persecutus
425 2329 504 2384 sum,
527 2311 601 2392 apte
619 2327 808 2392 componere
825 2307 929 2388 liceat,
951 2307 1106 2391 ejusmodi
1123 2309 1201 2374 locis
1218 2307 1395 2391 conficitur,

221 2409 278 2473 ubi
305 2409 378 2494 quis
408 2409 444 2474 in
473 2409 580 2494 priore
610 2409 752 2474 membro
778 2409 979 2474 transitionis
1010 2431 1082 2474 cum
1108 2409 1291 2495 aphorismo
1317 2432 1395 2476 con·

217 2511 351 2596 junctae
373 2511 464 2593 dicit,
486 2512 590 2576 multe
616 2533 649 2577 se
675 2511 874 2597 praeterisse.
916 2509 1009 2576 'Pelia
1034 2511 1118 2578 dico:
1149 2511 1188 2576 D.
1210 2515 1265 2594 22,
1285 2516 1306 2579 3
1336 2513 1395 2580 καὶ

224 2615 305 2700 περὶ
325 2614 387 2698 μὲν
410 2619 477 2682 τῶν
501 2613 595 2681 ἰδίων
617 2613 715 2698 ἐχων
737 2613 796 2681 ἐτι
817 2610 947 2681 πολλὰ
968 2615 1097 2698 λέγειν
1120 2612 1239 2682 ἐάσω·
1262 2617 1343 2702 περὶ
1361 2612 1391 2680 δ’

157 2793 161 2800 ι
223 2707 268 2782 ὧν
287 2752 342 2800 -,
372 2721 477 2784 ταῦτα
507 2717 693 2798 διεξελθεῖν
721 2715 756 2783 ἐν
782 2722 921 2804 βραχέσι
946 2714 1160 2806 πειράσομαι.
1201 2715 1259 2798 (1).)
1282 2719 1332 2797 12,
1356 2720 1392 2784 11

225 2819 306 2903 περί
326 2818 389 2902 μὲν
407 2810 464 2886 οὗν
481 2817 608 2886 τούτων
630 2816 761 2885 πολλὰ
782 2821 911 2905 λέγειν
933 2818 1030 2904 ἐχων
1053 2819 1111 2886 ἐτι
1132 2820 1246 2887 δίκαια
1268 2843 1395 2906 παρα-

223 2919 356 2986 λιπεῖν
379 2925 666 3006 προαιροῦμαι·
696 2920 902 3006 Καρδιανοῖς
921 2921 958 2988 δέ
981 2945 1068 3011 φημι
1088 2927 1233 3012 βοηθεῖν
1255 2919 1318 2986 κτλ.
1352 2917 1392 2983 D.

222 3022 277 3096 22,
299 3022 342 3086 46
369 3024 424 3088 καί
450 3019 683 3108 περὶτούτων
709 3023 844 3106 μέν-,
875 3021 1005 3090 πολλὰ
1035 3025 1164 3110 λέγειν
1195 3019 1391 3108 ἐχων·ἐ’τι,

223 3123 279 3188 καὶ
304 3119 405 3188 ταῦθ’
431 3120 530 3189 ἱκανὰ
557 3118 643 3190 είναι
669 3123 821 3207 νομίζων,
847 3122 958 3191 ἐάσω.
1001 3123 1166 3211 βούλομαι
1191 3125 1229 3192 δέ
1252 3126 1307 3191 καί
1328 3121 1394 3189 κτλ.
1533 3177 1534 3200 ,

222 3221 262 3286 D.
297 3225 354 3299 18,
385 3225 429 3291 50
460 3227 515 3291 καὶ
545 3227 626 3312 περί
659 3227 721 3310 μὲν
751 3229 818 3292 τῶν
847 3224 924 3292 τότε
954 3231 1177 3314 πραχθέντων
1208 3227 1306 3310 ἔχων
1337 3224 1396 3292 ἐτι

222 3321 352 3392 πολλὰ
374 3327 503 3414 λέγειν
526 3329 583 3394 καὶ
602 3323 703 3394 ταῦθ’
725 3321 866 3417 ἡγοῦμαι
883 3329 991 3394 πλείω
1009 3333 1076 3394 τῶν
1095 3329 1217 3396 ἱκανῶν
1235 3329 1397 3419 εἰρῆσθαι

220 3429 281 3508 (res
302 3449 387 3492 nova
409 3430 601 3514 proponitur
623 3429 703 3510 §53
724 3428 889 3514 βούλομαι
904 3435 1015 3497 τοίνυν
1037 3429 1110 3522 ἤδη,
1132 3432 1170 3497 uf.
1188 3453 1271 3518 quoe
1289 3432 1397 3516 dispu-

220 3528 306 3594 tavit
327 3529 378 3594 vir
399 3528 511 3594 doctus
537 3530 572 3594 in
596 3552 790 3617 programm
812 3554 957 3619 gymnas.
979 3532 1157 3600 Feldkirch.
1179 3555 1210 3620 p.
1230 3535 1273 3600 48
1295 3555 1343 3618 sq.
1364 3537 1398 3598 et

222 3655 252 3718 p.
275 3631 338 3713 681
381 3629 456 3716 hys·
479 3635 532 3714 12,
554 3633 596 3698 95
622 3629 786 3718 καὶπρὸς
811 3629 896 3719 ὑμᾶς
921 3637 982 3720 μέν
1011 3635 1069 3702 ἐτι
1091 3635 1251 3702 πολλῶν
1273 3633 1397 3702 ὄντων

224 3734 356 3802 εἰπεῖν
386 3739 532 3800 τοσαῦτα
558 3736 661 3822 λέγω·
700 3733 773 3804 ὅσοι
799 3732 831 3802 δ’
851 3774 905 3820 -,
935 3743 1071 3826 πρῶτον
1100 3739 1162 3822 μὲν
1186 3743 1253 3804 τῶν
1280 3735 1398 3804 ὅπλων

224 3834 473 3924 ἀναμνήσθητε,
496 3833 548 3904 ὅτι
569 3837 634 3904 κτλ.
679 3837 753 3925 Lys.
772 3843 801 3922 7,
822 3842 842 3908 9
865 3835 950 3906 ἀλλὰ
970 3835 1033 3928 γάρ
1056 3841 1137 3928 περὶ
1157 3841 1278 3925 μὲν-
1296 3841 1398 3906 πολ-

224 3935 271 4005 λὰ
298 3935 398 4022 ἐχων
426 3935 557 4006 εἰπεῖν
584 3935 682 4008 ἱκανὰ
707 3941 830 4026 νομίζω
860 3939 903 4008 τὰ
934 3941 1109 4032 εἰρημένα·
1141 3938 1259 4031 ἐπειδὴ
1283 3938 1314 4008 δ’
1339 3939 1397 4008 κτὲ

223 4040 357 4124 (justam
383 4060 420 4104 oo
442 4059 551 4104 verum
578 4039 661 4106 hnnc
687 4064 755 4108 esse
777 4043 1014 4110 revocationem
1035 4045 1202 4130 particulis
1226 4039 1311 4110 ἀλλὰ
1332 4040 1396 4128 γάρ

221 4141 422 4222 centauri
465 4137 537 4206 Vin
569 4144 713 4228 exemplu
743 4167 841 4229 supro
870 4143 965 4212 Noc
995 4147 1109 4232 posite.
1138 4182 1182 4194 -
1211 4145 1292 4212 Cnm
1322 4143 1398 4230 hys.

222 4247 276 4326 31,
307 4245 349 4310 34
380 4243 571 4308 contendere
602 4245 678 4310 licet
707 4247 766 4327 (D.)
796 4249 846 4330 60,
876 4249 897 4314 9
926 4253 993 4314 τῶν
1023 4249 1085 4332 μὲν
1116 4238 1174 4316 οὖν
1201 4283 1240 4298 -
1269 4241 1398 4314 πολλὰ
1531 4271 1532 4278 “
