3098 4732
797 191 836 254 18

740 277 893 286 ——u-——n-u-

231 382 287 448 καί
307 385 342 447 τί
363 376 637 465 παρεσκεύασμαι
659 391 780 458 ποιεῖν,
803 374 834 444 ά.
856 377 897 460 δ.,·
919 373 965 440 Of.
987 376 1085 440 etiam
1107 375 1207 442 Arist
1227 375 1308 440 rhet
1333 379 1360 456 1,
1382 379 1404 442 2

230 487 270 568 (p.
293 484 347 562 10)
376 479 436 569 τὴν
463 475 493 546 δ’
518 479 628 550 αἰτίαν
655 515 694 526 -
724 477 861 565 ἐροίμεν
896 475 1077 566 ὅστερον·
1113 482 1177 544 νῦν
1210 478 1246 544 δὲ
1272 477 1338 544 κτὲ.
1370 482 1403 542 et

229 584 290 666 (D.)
315 584 372 663 50,
393 585 432 650 31
465 580 584 649 τούτου
616 581 653 660 δὲ
683 577 859 648 τὸαῖτιον
887 575 951 666 ἐγὼ
977 575 1062 662 ὑμᾶς
1093 578 1305 663 προιόντος
1334 585 1403 648 τοῦ

230 685 346 772 λόγου
377 682 508 766 διδάξω.
548 683 716 750 Simillime
739 682 853 748 Oieero
873 705 917 750 or.
935 685 986 764 63,
1004 685 1066 748 212
1088 680 1157 757 Quo
1180 686 1288 747 autem
1309 687 1404 766 paeto

230 790 341 854 deoeet
357 788 456 853 ineise
473 785 715 852 membratimve
733 785 796 851 diei
813 786 891 869 jam
909 785 1098 866 videbimns3
1121 805 1218 849 nune
1236 822 1276 832 -
1295 785 1404 850 dieen-

230 891 307 958 dum
328 894 386 956 est.

226 1065 259 1182 8)
280 1059 449 1126 Transitus
470 1058 629 1144 particula
652 1064 708 1125 καί
728 1059 924 1143 perficitur!

315 1196 358 1264 Is.
380 1199 435 1276 16,
456 1198 496 1264 21
524 1197 580 1262 καὶ
605 1193 693 1279 μετὰ
716 1200 820 1262 ταῦτα
847 1189 929 1260 καθ’
953 1193 1094 1261 ἕκαστον
1114 1199 1186 1278 μέν,
1211 1189 1292 1271 ὅσας
1313 1190 1407 1279 τριή-

230 1321 299 1384 ρεις
326 1297 446 1382 ἔλαβεν
479 1291 501 1385 ἢ
520 1294 659 1385 -if-
680 1293 701 1386 ἢ
722 1335 776 1379 -,
810 1291 912 1364 πολδ
943 1292 987 1362 ἂν
1019 1295 1134 1382 ἐ’ργον
1166 1295 1225 1384 ε’ίη
1259 1296 1405 1380 λέγειν·

231 1401 400 1466 πλείστων
427 1399 464 1466 δὲ
492 1397 649 1467 κινδύνων
676 1398 742 1467 κτδ.
767 1403 894 1484 (praee,
924 1397 963 1462 of.
985 1397 1025 1462 D.
1047 1401 1103 1479 20,
1126 1401 1184 1478 18).
1226 1396 1266 1462 Ι).
1288 1399 1343 1478 20,
1364 1400 1407 1464 33

230 1498 351 1568 καὶτὰ
376 1502 438 1585 μὲν
465 1499 550 1568 etta
577 1507 729 1582 σιωπῶ,
755 1495 868 1568 πάλλ’
894 1497 938 1567 δν
964 1499 1062 1583 ἔχων
1090 1499 1239 1580 εἰπεῖν,
1263 1495 1315 1568 ὅτ’
1341 1499 1406 1566 κτὲ.

232 1601 311 1668 Ant.
330 1607 359 1685 1,
381 1606 422 1671 18
445 1606 501 1670 καὶ
522 1601 647 1687 τὰμὲν
669 1602 755 1671 ἄλλα
776 1601 1020 1690 μακρότερος
1042 1597 1086 1670 διν
1109 1601 1167 1691 τίη
1192 1600 1305 1687 λόγος
1327 1605 1406 1686 περὶ

229 1709 287 1772 τοῦ
311 1705 451 1772 δείπνου
473 1703 562 1789 δμοί
583 1731 624 1772 τε
647 1705 919 1795 διηγήσασθαι
941 1700 1031 1790 ὑμῖν
1048 1701 1079 1772 τ’
1104 1700 1286 1774 ἀκοῦσαι·
1310 1699 1403 1770 ἀλλὰ

228 1805 434 1895 πειράσομαι
454 1804 497 1874 τά
519 1807 625 1874 λοιπά
647 1803 695 1887 ιδς
718 1807 753 1876 ἐν
771 1806 989 1894 βραχυτάτοις
1009 1802 1087 1891 ὑμῖν
1110 1804 1346 1894 διηγήσασθαι.

228 1949 259 2059 4')
280 1977 319 2042 In
342 1978 506 2044 enunoiati
526 1979 687 2064 principio
706 1979 883 2066 particulae
906 1979 962 2044 καὶ
982 1975 1048 2066 μήν
1070 1977 1193 2062 positae
1214 1981 1298 2041 sunt

169 2115 179 2147 s
314 2112 354 2178 D.
381 2115 436 2195 18,
463 2117 525 2180 120
555 2117 611 2180 καὶ
640 2112 706 2202 μὴν
734 2116 815 2198 περὶ
844 2119 903 2180 τοῦ
929 2111 956 2200 γ
987 2112 1021 2180 ἓν
1047 2118 1095 2200 τῷ
1121 2110 1260 2200 θεάτρῳ
1287 2110 1405 2201 κηρύτ-

229 2219 366 2296 τεσθαι,
386 2212 425 2282 τδ
447 2215 509 2298 μὲν
531 2213 684 2302 μυριάκις
704 2221 842 2302 μυρίους
864 2219 1070 2303 κεκηρῦχθαι
1090 2215 1326 2300 παραλείπω
1350 2217 1405 2282 καὶ

228 2313 268 2384 τὸ
299 2316 365 2384 κτὲ.
409 2315 448 2383 D.
476 2320 530 2392 19,
562 2319 624 2384 288
656 2319 712 2384 καὶ
741 2315 807 2405 μὴν
838 2316 888 2396 εἰς
916 2314 998 2406 ὅσην
1030 2311 1164 2400 άτιμίαν
1187 2353 1242 2396 -,
1276 2314 1406 2384 πάντα

228 2408 337 2485 τᾶλλ’
362 2413 493 2506 άφείς,
515 2415 532 2485 ὅ
555 2417 681 2498 πάντες
698 2414 794 2503 δμεῑς
810 2414 876 2487 ὅστ’
897 2417 972 2507 δρῶ.
1006 2418 1059 2484 Ab
1080 2419 1131 2484 his
1153 2419 1276 2484 duobus
1298 2441 1405 2484 exem·

229 2521 294 2606 plis
320 2521 481 2588 diversum
513 2524 563 2587 est
593 2523 726 2588 tertium
760 2521 802 2586 Is.
827 2524 862 2604 4,
889 2524 931 2590 36
962 2523 1017 2588 καὶ
1048 2520 1113 2610 μὴν
1136 2519 1216 2610 ὅσης
1241 2519 1405 2609 προσήκει

230 2627 328 2712 τιμῆς
366 2621 538 2710 τυγχάνειν
560 2660 618 2706 -,
656 2629 868 2712 περίεργον
908 2622 1093 2692 διδάσκειν·
1133 2619 1242 2702 οὐδεὶς
1271 2620 1332 2710 γὰρ
1365 2619 1405 2690 tv

229 2723 362 2794 δύναιτο
386 2724 453 2792 κτδ.
495 2725 545 2791 Ibi
567 2726 653 2792 enim
675 2729 731 2794 καὶ
751 2725 817 2814 μην
839 2748 905 2792 non
926 2725 1124 2794 trsnseuotis
1146 2729 1194 2790 est
1219 2725 1261 2790 ed
1286 2747 1405 2792 novum

229 2825 367 2910 aliquid,
392 2827 448 2892 sed
474 2827 558 2892 idem
585 2825 653 2894 fere
675 2829 838 2914 signifieat
860 2827 946 2912 quod
968 2832 1078 2894 καίτοι
1101 2829 1177 2905 (nun
1203 2827 1297 2908 ebert
1343 2826 1404 2901 Qui

200 2953 204 2964 ·
231 2949 308 2992 usos
334 2929 451 3014 quibus
477 2929 622 2996 torminis
648 2931 734 3015 apud
755 2933 900 3000 oratores
927 2929 1187 3013 circumteriptus
1208 2929 1318 3010 fuerit,
1339 2927 1402 2992 alio

230 3029 301 3096 loeo
335 3030 504 3096 ostendere
534 3031 687 3113 oonabor;
718 3031 849 3098 interim
878 3031 917 3098 et
954 3052 1035 3116 quoe
1065 3031 1107 3098 ad
1136 3031 1204 3096 LL
1239 3030 1404 3098 adnotavit

229 3129 412 3198 Schneider.

317 3233 401 3299 nen.
436 3231 572 3300 Constat
594 3235 679 3320 apud
705 3233 951 3318 Xenophontem
979 3258 1206 3318 saepenumero
1231 3236 1406 3302 trmsitum

230 3334 271 3400 ad
297 3355 364 3400 rem
391 3357 508 3402 novem
534 3336 604 3401 fieri
630 3359 688 3422 per
714 3337 889 3422 particulas
915 3337 952 3422 γὲ
978 3337 1051 3458 μην.
1095 3337 1148 3404 Ad
1173 3361 1255 3420 rem,
1281 3340 1321 3404 de
1342 3359 1406 3422 qua

229 3437 428 3522 quaerimus,
449 3438 590 3523 pertinet
613 3441 709 3524 Ages.
746 3442 778 3518 1,
802 3436 889 3518 Ιίίς
909 3464 946 3526 γε
968 3465 1034 3528 μην
1057 3431 1280 3528 φιλόπολιςτ
1259 3465 1299 3528 ην
1322 3435 1402 3507 καθ’

232 3540 266 3606 ἓν
288 3538 396 3621 pest
378 3563 520 3606 εκαστον
541 3537 693 3624 μακρὸν
720 3539 764 3608 άν
792 3540 849 3630 εἴη
877 3539 1036 3630 γράφειν·
1058 3540 1173 3710 οἴηται
1197 3537 1320 3628 γάρ-
1356 3567 1407 3621 ως

228 3636 260 3706 δ’
282 3637 482 3728 δνβραχεῑ
503 3641 686 3722 είπεῑν,’
664 3641 1129 3728 απαντεςδπιστάμεδακτὲ.
1146 3646 1279 3728 (.praeo.)
1308 3643 1405 3730 Apud

229 3745 374 3810 oratores
396 3741 449 3808 hio
470 3765 548 3810 usos
569 3765 635 3810 non
658 3745 826 3830 reperitur.

228 3913 259 3994 5)
280 3911 344 3978 Res
366 3933 451 3978 nove
474 3935 530 4000 per
552 3913 728 4020 partioulas
750 3889 949 3980 conclusivas
971 3913 1119 3982 infertur.

315 4047 388 4134 Lys.
411 4036 465 4130 12,
490 4051 533 4116 43
558 4045 616 4116 τὸν
641 4051 703 4134 μὲν
724 4055 835 4118 τοίνυν
856 4049 980 4133 μεταξὺ
1001 4057 1076 4136 βίον
1102 4047 1203 4118 αὐτοῦ
1229 4051 1405 4142 παρήσω.
1522 4039 1523 4069 ¹

229 4149 269 4218 D·
291 4153 326 4232 8,
346 4153 389 4218 52
415 4149 527 4220 πάντα
554 4155 665 4220 τοίνυν
690 4143 785 4220 τᾶλλ’
810 4149 917 4220 είπών
940 4149 980 4222 civ
1007 4147 1115 4240 ἡδέως
1140 4153 1196 4218 καὶ
1221 4151 1334 4236 δείξας
1351 4189 1406 4234 -,
1521 4161 1522 4170 ’

227 4249 270 4322 τά
299 4253 361 4338 μὲν
392 4249 465 4322 ἄλλ’
499 4251 610 4322 ἐάσω.
654 4253 804 4340 Spurius,
844 4259 880 4320 ut
910 4255 1051 4336 videtur,
1090 4257 1140 4322 est
1174 4254 1257 4320 alter
1287 4255 1405 4342 Lysias
