3098 4732
640 255 646 272 '
723 283 871 376 „n-

204 469 459 552 pervolutassem
482 465 606 532 scholas
629 466 761 531 Latinas
784 465 947 551 Seyfferti,
969 467 1037 551 ejus
1060 466 1205 551 exemplo
1226 465 1385 550 impulsus

206 586 349 650 animum
370 585 483 674 indnpri
505 607 659 672 quaerere
681 589 713 650 et
736 587 911 670 explorare,
934 585 1092 670 quomodo
1115 589 1258 650 oratores
1280 583 1384 650 Attici

206 704 238 767 in
263 708 454 790 argumento
476 703 645 768 tractando
663 705 782 770 versati
806 707 920 785 essent,
942 726 1088 790 quaeque
1110 704 1302 769 invenissem
1324 704 1383 769 ho·

206 824 329 888 minum
348 823 515 887 doctorum
530 823 651 906 judicio
668 846 855 908 proponere.
882 821 996 908 Neque
1014 823 1115 907 abjeci
1133 823 1194 888 hoc
1207 823 1384 905 consilium,

206 945 377 1026 postquam
400 963 438 1006 ea
459 941 605 1026 cognovi,
628 963 710 1026 quae
733 942 857 1006 duobus
884 942 1133 1026 programmatis
1156 942 1194 1006 de
1217 943 1327 1006 eadem
1349 966 1383 1008 re

206 1059 371 1124 Birlrlerus
394 1059 581 1144 disputavit.
616 1031 679 1124 sed
697 1082 761 1144 quo
783 1061 857 1144 plus
879 1061 1032 1144 temporis
1055 1084 1092 1127 ac
1114 1062 1212 1126 studii
1234 1063 1268 1125 in
1289 1063 1383 1128 lecti-

206 1179 314 1243 tandis
342 1177 582 1260 Demosthenis,
607 1177 773 1260 Isocratis,
804 1179 940 1243 aliorum
967 1180 1166 1245 orationibus
1193 1182 1382 1266 consumpsi,

207 1319 244 1363 eo
265 1298 370 1384 magis
392 1297 551 1377 intellexi,
577 1297 639 1362 nisi
666 1297 793 1382 saepius
814 1299 953 1382 repetita
978 1299 1115 1363 lectione
1136 1299 1219 1363 nihil
1240 1297 1383 1383 proferre

207 1439 257 1481 me
275 1438 377 1500 posse,
400 1439 463 1501 quo
483 1417 533 1480 vel
551 1416 810 1500 interpretationi
829 1417 880 1482 vel
898 1417 962 1482 arti
980 1417 1107 1481 criticae
1125 1417 1267 1482 subsidia
1285 1440 1382 1502 quae·

208 1535 281 1598 dam
306 1538 338 1598 et
361 1534 546 1618 adjumenta
568 1556 725 1618 pararem.
769 1535 911 1600 Accessit
934 1557 984 1616 eo,
1006 1539 1043 1600 nt
1066 1535 1163 1600 etiam
1185 1537 1384 1621 reliquorum

209 1652 402 1736 scriptorum
420 1653 621 1738 maximeque
639 1652 793 1736 Platonis,
812 1653 1016 1738 Thucydidis,
1034 1653 1257 1739 Xenophontis
1271 1656 1331 1722 hac
1348 1656 1382 1720 in

208 1771 396 1872 quaestione
420 1771 561 1856 aliquam
584 1773 741 1838 rationem
763 1773 943 1838 habendam
962 1795 1029 1838 esse
1048 1773 1203 1838 ducerem.
1238 1773 1306 1839 Has
1325 1797 1382 1859 po·

207 1890 368 1956 tissimum
390 1890 431 1954 ob
450 1911 571 1973 causas,
598 1893 744 1976 quamvis
762 1893 866 1957 multa
878 1892 1057 1957 notaverim
1075 1897 1173 1977 atque
1191 1893 1385 1980 collegerim,

208 2014 316 2074 tamen
334 2010 412 2074 haec
430 2011 538 2075 omnia
556 2011 661 2075 adhuc
679 2011 788 2076 abdita
810 2012 845 2075 in
868 2011 984 2076 scrinio
1007 2011 1135 2076 retinui.
1179 2011 1273 2076 Nune
1299 2035 1385 2092 vero,

208 2150 280 2194 cum
299 2129 385 2212 qnod
399 2129 487 2194 aliud
501 2129 573 2194 Tibi
592 2130 737 2194 offerrem
757 2129 838 2194 nihil
856 2129 1015 2212 haberem,
1033 2131 1223 2216 particulam
1242 2131 1383 2216 aliquam

209 2251 316 2312 atoto
338 2249 505 2333 tamquam
527 2269 659 2334 corpore
677 2249 848 2314 abscissam
866 2249 1117 2334 protrahendam
1139 2249 1174 2313 in
1196 2250 1300 2315 lucem
1321 2271 1383 2334 pu-

208 2367 284 2431 tavi.
328 2365 438 2452 Atque
460 2367 585 2431 utinam
607 2367 749 2433 licuisset
770 2367 831 2432 hoc
854 2368 1012 2453 specimen
1039 2370 1117 2434 setis
1140 2367 1213 2433 Tibi
1234 2367 1382 2433 limatum

208 2508 244 2551 ac
262 2486 457 2570 perpolitum
475 2485 614 2552 tradere!
651 2487 696 2552 At
714 2488 905 2573 urgentibus
924 2489 1027 2574 operis
1046 2493 1139 2552 tanta
1161 2487 1194 2551 in
1217 2487 1383 2552 scribendo
1516 2545 1523 2568 ,

207 2603 414 2698 festinatione
436 2627 517 2690 opus
539 2602 615 2686 fuit,
637 2607 687 2686 ut,
709 2605 772 2670 nisi
789 2605 885 2690 hujus
907 2627 1035 2692 quoque
1058 2606 1234 2691 particulae
1256 2609 1382 2690 partem

209 2726 337 2788 tantum
368 2725 482 2790 vellem
512 2721 598 2790 foras
629 2723 717 2806 dare,
752 2725 908 2790 nonnulla
940 2727 1085 2791 emittere
1116 2746 1247 2811 cogerer
1277 2725 1384 2790 minus

209 2863 306 2926 quam
329 2845 474 2926 optarem
496 2843 669 2908 elaborata.
707 2842 806 2928 Cujus
828 2844 875 2908 rei
897 2843 942 2908 Te
963 2867 1022 2930 pro
1045 2845 1165 2930 insigni
1183 2844 1253 2908 Tua
1275 2845 1309 2908 in
1332 2866 1383 2909 me

208 2961 431 3026 benevolentia
453 2961 487 3025 in
506 2959 681 3045 judicanda
698 2965 966 3029 commentatione
989 2987 1052 3028 non
1075 2965 1290 3028 immemorem
1313 2963 1383 3028 fore

208 3101 302 3164 spero
324 3077 520 3164 confidoque.
563 3079 652 3146 Vale
