3098 4732
749 441 805 508 IV.
1174 511 1183 550 Ι

188 561 420 678 Ρταδίέείίίο
450 602 517 675 vel
547 600 754 692 onunoiuto
787 598 1014 701 secundario
1040 597 1107 670 vol
1136 595 1362 690 parenthesi

631 721 918 814 comprehensu.

275 911 302 989 1)
323 905 381 988 (D.)
402 909 453 986 44,
475 907 517 971 34
538 909 718 992 γενομένης
741 893 797 969 οὖν
814 906 873 989 τῆς
892 901 1072 989 ἐξαγωγῆς,
1093 899 1157 966 ἵνα
1178 897 1225 966 τὰ
1247 899 1363 965 πλεῖ·

190 1035 259 1076 στα
289 1011 543 1097 παραλείπω,
575 1003 735 1088 ἐλάχομεν
767 1002 853 1092 πρὸς
882 999 940 1069 τὸν
973 1001 1114 1091 ἄρχοντα
1140 1007 1200 1068 τοῦ
1231 999 1363 1090 κλήρου.

189 1111 226 1176 Ι).
251 1113 304 1193 18,
327 1111 390 1177 215
418 1109 525 1196 ἐξῇτε,
552 1107 749 1196 ἐβοηθεῖτε·
779 1107 843 1174 ἵνα
873 1102 942 1172 τάν
973 1111 1080 1194 μέσῳ
1110 1105 1363 1193 παραλείπω,

186 1211 292 1292 οὕτως
327 1211 462 1290 οἰκείως
491 1203 576 1294 ὑμᾶς
612 1205 778 1292 ἐδέχονθ,
809 1206 895 1276 ὥστε
931 1207 1010 1289 κτλ,
1041 1207 1230 1292 quibuscum
1260 1205 1299 1270 cf.
1322 1205 1360 1270 D.

188 1318 242 1396 18,
271 1318 311 1382 10
340 1311 482 1405 μηδενὸς
511 1318 578 1380 τῶν
608 1317 762 1400 μετρίων,
792 1311 857 1377 ἵνα
888 1311 1014 1402 μηδὲν
1047 1311 1226 1394 ἐπαχθὲς
1257 1311 1366 1393 λέγω,

182 1422 328 1505 χείρονα.
355 1415 393 1481 D.
414 1419 463 1498 18,
480 1417 543 1482 318
568 1405 743 1504 ὦχρηστέ,
763 1413 828 1480 ἵνα
849 1413 973 1504 μηδέν
997 1409 1079 1479 ἄλλ’
1106 1411 1216 1478 ε’ίπω.
1250 1407 1290 1474 D.
1312 1413 1363 1489 22,

188 1522 228 1585 12
251 1513 367 1606 άγαθά
389 1513 410 1607 ἢ
430 1517 573 1605 θάτερα,
593 1516 657 1583 ἵνα
678 1516 801 1604 μηδὲν
825 1514 925 1581 ε’ίπω
949 1518 1133 1604 φλαῦρον.
1177 1511 1251 1578 Din.
1270 1516 1299 1596 2,
1321 1515 1364 1578 20

184 1621 248 1688 ἵνα
270 1617 312 1688 τδ
335 1619 562 1710 πραότατον
586 1617 686 1684 ε’ίπω
709 1623 786 1684 τῶν
809 1613 1026 1702 ὀνομάτων,
1049 1617 1105 1702 qui
1123 1616 1185 1682 Ioui
1203 1615 1363 1702 quoddam

186 1723 369 1803 ἐπιεικείας
395 1744 497 1806 genus
520 1719 686 1802 exhibent,
713 1725 745 1785 et
770 1721 977 1804 praecisionis
1003 1721 1150 1805 exempla
1171 1719 1211 1785 D.
1234 1722 1289 1801 22,
1310 1720 1362 1784 60.

186 1829 216 1906 9,
238 1827 279 1890 64
300 1825 363 1890 ἵνα
385 1819 435 1911 μὴ
458 1817 548 1888 καθ’
573 1820 739 1888 ἕκαστον
761 1813 868 1902 (καθ’
892 1821 1053 1903 ἕκαστα)
1078 1824 1186 1908 λέγω.
1229 1821 1268 1886 Ι).
1293 1824 1320 1902 1,
1343 1822 1363 1886 9

184 1925 249 1992 ἵνα
271 1923 321 2014 μὴ
345 1921 435 1992 καθ’
460 1924 606 1992 ἕκαστα
633 1925 755 2009 λέγων
778 1923 980 2010 διατρίβω.
1023 1923 1081 2006 (D.)
1101 1927 1158 2005 42,
1181 1926 1199 1992 7
1227 1923 1290 1988 ἵνα
1311 1917 1362 2009 μὴ

184 2030 426 2115 μακρολογῶ.
470 2027 509 2092 D.
531 2025 710 2109 39,4λ’να
731 2022 801 2093 τάν
825 2031 932 2113 μέσῳ
956 2032 1140 2111 συντέμω.
1179 2024 1262 2090 Plat.
1285 2022 1363 2088 crit.

185 2134 250 2197 470
271 2129 337 2197 ἵνα
357 2125 409 2218 μὴ
433 2127 563 2196 πάντα
586 2128 757 2214 δι’ίωμεν.
1349 2133 1351 2142 ’

271 2287 301 2365 2)
322 2283 361 2348 D.
383 2286 439 2366 41,
460 2286 481 2349 4
509 2283 675 2372 διαφορᾶς
701 2289 881 2373 γενομένης
902 2287 949 2371 τῷ
972 2280 1175 2370 Πολυεύκτῳ
1198 2278 1284 2367 πρὸς
1306 2279 1370 2347 τὸν

184 2383 385 2475 Λεωκράτη,
410 2388 504 2473 περί
526 2377 569 2474 ἧς
592 2382 659 2453 οὐκ
682 2381 757 2453 οἶδ’
782 2384 843 2452 δτι
865 2386 927 2452 δεῖ
948 2387 1091 2472 λέγειν,
1113 2381 1322 2474 ἀφελόμενος
1344 2377 1362 2450 δ

184 2486 398 2566 Πολύευκτος
427 2486 487 2576 τὴν
517 2493 692 2575 θυγατέρα
726 2489 842 2554 δίδωσι
869 2487 1021 2574 Σπουδίᾳ
1051 2485 1167 2573 τούτῳ.
1210 2487 1290 2553 Isae.
1314 2489 1364 2566 11,

185 2593 228 2655 20
250 2581 346 2668 οὗτος
367 2593 477 2656 τοίνυν
497 2627 547 2670 -,
562 2593 674 2677 τολμᾷ
696 2615 739 2673 με
762 2588 954 2674 διαβάλλειν
974 2586 1059 2655 ἄλλα
1080 2613 1117 2654 τε
1140 2587 1261 2668 πολλά,
1283 2590 1364 2673 περὶ

187 2682 232 2753 ὧν
251 2687 438 2776 ποιήσομαι
454 2687 532 2769 τοὺς
551 2689 669 2776 λόγους
690 2689 805 2774 τάχα,
827 2691 883 2758 καί
901 2692 971 2758 νυνί
990 2692 1079 2777 λέγει
1098 2685 1143 2768 ὥς
1161 2689 1226 2756 κτὲ.
1247 2690 1363 2772 (δῆσα).

186 2827 226 2839 -
249 2789 395 2856 Membro
411 2792 557 2857 uelutivo
582 2793 745 2858 clauditur
776 2793 982 2858 enunciatum
1008 2791 1088 2858 And.
1113 2798 1145 2876 1,
1167 2796 1209 2860 80
1231 2791 1363 2879 ἐγένετο
1450 2829 1455 2837 ·

184 2887 262 2977 ὑμῖν
285 2884 331 2958 ὧν
354 2891 419 2980 έγώ
446 2889 561 2960 οὐδέν
583 2895 725 2977 δέομαι
749 2900 980 2983 μεμνῆσθαι
1007 2891 1078 2963 εὗδ’
1104 2892 1363 2985 ἀναμιμνήσκειν
1426 2893 1428 2898 ’

182 2990 267 3079 ὑμᾶς
288 2999 355 3062 τῶν
377 2993 608 3086 γεγενημένων
627 3002 746 3064 κακῶν.
792 2997 866 3083 Lys.
891 3001 940 3080 12,
961 3001 1003 3065 42
1034 2995 1121 3083 μετὰ
1138 2995 1362 3084 Ἰατροκλέους

183 3099 240 3164 καὶ
263 3096 395 3185 ἐτέρων,
422 3089 467 3164 ὧν
489 3096 532 3165 τὰ
554 3095 703 3182 ὀνόματα
732 3094 848 3166 οὐδέν
870 3099 1014 3192 δέομαι
1035 3103 1171 3187 λέγειν.
1215 3099 1289 3185 Lyd
1313 3102 1363 3182 18,

184 3199 348 3289 3ἐστησε
378 3199 540 3287 τρόπαια,
573 3192 618 3268 ὧν
649 3197 741 3268 καθ’
772 3203 811 3268 ἐν
842 3201 1009 3270 ἕκαστον
1040 3200 1141 3268 πολὺ
1173 3199 1217 3269 δν
1248 3202 1362 3289 ἐργον

96 3347 98 3352 -
185 3301 246 3390 εἰἠ
271 3305 387 3389 λέγειν.
430 3301 471 3367 Is.
492 3303 527 3384 5,
550 3306 591 3369 98
612 3308 759 3370 τοσαῦτα
781 3306 837 3370 καί
858 3305 1039 3394 τηλικοῦτο
1060 3301 1098 3370 τδ
1120 3308 1268 3390 μέγεθος
1290 3303 1364 3370 δια-

183 3409 431 3493 πεπραγμένον,
448 3407 529 3492 περί
548 3397 593 3470 ὧν
608 3405 640 3471 εί
658 3407 719 3489 μέν
736 3402 823 3494 πρὸς
842 3405 976 3494 ἑτέρους
993 3404 1071 3485 τοὺς
1089 3406 1207 3492 λόγους
1225 3405 1360 3474 ἐποιού-

182 3532 257 3594 μην,
278 3507 389 3585 καλῶς
411 3501 451 3573 δν
475 3501 543 3590 εἶχε
567 3495 727 3590 διελθεῖν,
749 3507 836 3595 πρὸς
858 3509 896 3577 σὲ
919 3509 956 3575 δὲ
980 3507 1225 3596 διαλεγόμενος,
1249 3509 1281 3576 εί
1301 3508 1362 3588 τάς

183 3603 245 3685 σὰς
266 3606 406 3693 πράξεις
428 3610 600 3699 διεξιοίην,
627 3611 766 3690 δικαίως
788 3609 827 3679 ἄν
852 3609 992 3702 ἀνόητος
1014 3609 1083 3696 ἅμα
1106 3613 1162 3680 καί
1184 3617 1361 3700 περίεργος

182 3704 269 3775 εἶναι
295 3709 439 3796 δοκοίην.
466 3747 506 3758 -
529 3711 639 3776 Ιιίσοεί
666 3713 719 3777 hio
745 3714 843 3779 etiam
865 3713 1092 3780 Demosthenis
1118 3717 1223 3782 locum
1246 3717 1361 3780 afferre

181 3813 215 3891 6,
243 3814 280 3876 11
314 3805 458 3898 εάρίσκει
484 3812 547 3899 γὰρ
575 3816 631 3880 καί
653 3809 768 3881 άκοάει
793 3815 870 3894 τοὺς
891 3817 953 3900 μὲν
975 3811 1154 3906 ὑμετέρους
1175 3815 1361 3905 προγόνους

181 3913 302 3980 -καὶ
327 3910 413 3996 μετὰ
438 3917 542 3980 ταῦτα
568 3915 762 4004 πράξαντας
790 3914 892 3983 ταῦθ’
919 3913 1088 3998 ἃπάντες
1113 3921 1174 4004 μέν
1207 3916 1260 3986 άελ
1290 3921 1361 4004 γλί-

176 4039 294 4098 χονται
316 4015 438 4101 λέγειν,
465 4013 567 4098 άξίως
589 4015 622 4086 δ’
647 4017 757 4100 οὐδεὶς
780 4019 892 4088 εἰπεῖν
915 4013 1244 4112 δεδάνηται,διόπερ
1267 4017 1359 4106 κάγω

180 4118 423 4204 παραλείψω
447 4119 583 4198 δικαίως
601 4157 656 4203 -,
677 4121 755 4201 τούς
778 4122 815 4188 δὲ
837 4127 995 4212 Θηβαίων
1018 4126 1075 4190 καὶ
1097 4121 1251 4210 ’ίργείων
1273 4148 1360 4210 προ-

179 4241 296 4301 γονους
317 4219 383 4288 κτὲ.
