3098 4732
702 123 854 216 A

276 303 434 391 Exempla
464 301 703 391 eposiopesis
732 305 911 389 eujusdam,
940 327 1005 389 qua
1035 306 1092 390 qui
1118 305 1223 369 utitur
1243 305 1366 389 pudore

193 407 292 474 animi
323 429 359 472 ae
385 407 576 472 verecundia
604 420 770 492 permotus
796 407 925 472 dubitat
955 429 1024 470 rem
1053 411 1164 490 aperte
1192 407 1368 487 nominare,

192 509 389 595 praebentur
409 507 461 573 his
481 509 574 574 locis:
597 508 688 589 127,
709 510 752 575 54
770 507 972 598 χορεύοντας
991 510 1054 592 μὲν
1076 508 1112 575 ἐν
1130 522 1267 594 χρυσοῖς
1288 509 1367 592 ἱμα-

191 615 288 691 τίοις,
311 608 529 694 χειμάζοντας
551 611 582 678 δ’
606 609 642 678 έν
663 609 840 692 τοιούτοις,
866 609 902 678 ἓν
924 609 976 690 οίς
997 613 1036 677 οῦ
1060 609 1226 695 βούλομαι
1251 613 1368 696 λέγειν.

192 711 232 777 D.
254 715 285 794 2,
307 713 349 780 19
370 707 549 800 ὀρχεῖσθαι
569 717 715 793 τοιαῦτα,
737 709 783 779 οῖ’
805 711 871 800 ἐγὼ
892 718 949 779 νῦν
970 709 1058 778 ὀκνῶ
1078 709 1165 798 πρὸς
1185 707 1271 797 ὑμᾶς
1291 714 1367 778 ὀνο

191 811 305 898 μάσαι.
347 813 388 878 Ι).
415 817 469 896 18,
500 817 562 881 103
591 811 726 883 τοσαῦτ’
750 853 790 864 -
818 815 987 896 (ἐδίδοσάν
1015 842 1075 900 μοι
1102 813 1283 904 χρήματα),
1312 812 1365 882 όσ’

192 909 362 1004 ὀκνήσαιμ’
387 911 428 982 ἂν
449 913 536 1004 πρὸς
557 911 641 1000 ύμῦς
663 917 785 984 εἰπεῖν.
828 917 868 982 D.
890 921 946 1000 23,
966 922 1030 985 202
1055 923 1193 985 τοιαῦτα
1219 942 1367 1005 πεποιη-

193 1015 306 1100 κότας,
332 1015 389 1085 σία
414 1019 521 1104 λέγειν
543 1015 714 1108 ὀκνήσειεν
738 1017 780 1086 άν
801 1045 852 1098 τις
874 1009 911 1086 εἷ·
933 1025 1077 1108 φρονῶν.
1119 1019 1307 1104 Βίεραίοτῦλ
1328 1020 1367 1084 δε

192 1120 253 1187 hoe
279 1120 405 1186 dicendi
431 1141 549 1206 genere
570 1119 700 1186 Weber.
725 1121 767 1186 ad
788 1121 880 1186 Dem.
902 1121 1057 1187 Aristoer.
1081 1143 1112 1206 p.
1134 1123 1199 1188 514
1224 1144 1285 1206 sq„
1310 1122 1367 1205 qui

193 1227 302 1288 tamen
324 1221 430 1287 minus
452 1225 538 1287 ταείε
558 1221 622 1288 hue
643 1223 772 1288 rettulit
794 1221 833 1287 D.
855 1225 910 1303 22,
931 1225 953 1289 2
975 1227 1008 1288 et
1031 1227 1086 1306 24,
1107 1226 1137 1304 ’1,
1158 1245 1231 1287 eum
1252 1223 1368 1286 utrim-

193 1347 256 1411 que
278 1347 329 1391 res
350 1325 420 1410 ipsa
442 1329 717 1392 eommemoretur.
759 1326 835 1391 Iure
856 1325 940 1391 idem
963 1327 1162 1410 eomparavit
1188 1323 1228 1390 D.
1250 1325 1306 1404 21,
1328 1327 1368 1390 19

194 1421 395 1517 έφθέγγοντ’
432 1423 553 1514 αἰσχρά
584 1431 640 1495 καλ
672 1431 823 1508 τοιαῦτα,
862 1424 907 1494 οἷ’
942 1423 982 1494 άν
1013 1423 1194 1514 άνθρωποι
1223 1431 1367 1493 τοιοῦτοι

195 1531 400 1619 φθέγξαιντο
426 1525 479 1610 (ού
504 1527 566 1616 γάρ
594 1529 698 1616 ἔγωγε
727 1535 940 1618 προαχθείην
967 1523 1007 1596 όν
1035 1527 1146 1594 εἰπεῖν
1172 1525 1259 1616 πρὸς
1285 1531 1369 1611 ὑμᾶς

193 1633 260 1696 τῶν
281 1628 357 1698 τότε
380 1633 555 1719 ῥηθέντων
578 1628 692 1712 ούδένλ

280 1735 310 1814 3)
331 1731 444 1798 Aeseh.
467 1737 501 1813 3,
524 1735 583 1800 141
615 1735 790 1800 Φιλίππου
815 1739 864 1820 τῷ
889 1733 952 1816 μὲν
975 1729 1111 1816 όνόματι
1141 1733 1369 1815 πολεμοῦντος

193 1829 284 1917 ύμῖν,
304 1839 352 1922 τῷ
375 1831 406 1900 δ’
431 1833 517 1922 ἔργῳ
543 1831 630 1902 πολὺ
656 1837 784 1919 μᾶλλον
804 1841 980 1919 μισοῦντος
1005 1839 1189 1924 Θηβαίους,
1219 1829 1265 1912 ὦς
1286 1829 1370 1900 αἰτὰ

194 1931 237 2003 τό
255 1935 436 2024 πράγματα
454 1936 634 2026 δεδήλωκε,
656 1939 723 2004 καὶ
744 1943 782 2006 τί
803 1937 865 2002 δεῖ
885 1933 931 2002 τὰ
953 1937 1077 2002 πλείω
1100 1938 1245 2022 λέγειν;
1266 1939 1370 2001 ταῦτα

194 2039 256 2123 μέν
277 2035 320 2105 τά
341 2039 521 2126 τηλικαῦτα
542 2035 581 2105 τὸ
603 2045 752 2125 μέγεθος
774 2035 1005 2124 ἀπεκρύψατο.

279 2137 321 2205 Ie.
343 2139 378 2220 5,
403 2143 445 2205 33
475 2135 536 2228 τὴν
564 2136 600 2206 δὲ
627 2139 726 2207 πόλιν
752 2139 812 2228 τὴν
842 2135 1004 2228 ἡμετέραν
1031 2141 1135 2228 φασὶν
1152 2175 1193 2186 -
1213 2133 1371 2224 Ἡρακλεῖ

197 2241 260 2326 μέν
282 2247 452 2310 συναιτίου
472 2249 635 2329 γενέσθαι
656 2247 715 2332 τῆς
737 2239 927 2321 ἀθανασίας
947 2239 994 2324 (όν
1016 2239 1211 2330 δὲτρόπον,
1233 2243 1287 2308 σοὶ
1309 2239 1370 2326 μἐν

195 2333 314 2424 αὖθις
336 2349 517 2412 πυθέσθαι
543 2343 673 2434 ῥᾴδιον,
700 2344 776 2428 ἐμοὶ
799 2341 835 2412 δὲ
857 2343 1056 2412 νῦνέίπεῖν
1079 2339 1118 2410 σύ
1141 2341 1277 2430 καιρός),
1298 2357 1370 2422 τοῖς

196 2443 232 2514 δὲ
258 2449 357 2514 παισὶ
384 2445 485 2528 mest)
528 2445 567 2512 D.
591 2449 706 2528 14,17
739 2449 795 2514 καὶ
821 2443 864 2513 τό
894 2442 956 2530 μὲν
984 2444 1124 2531 σώματα
1152 2451 1258 2512 ταῦτα
1283 2443 1369 2512 οῦτω

196 2545 419 2632 συντετάχθαι
441 2551 528 2638 φημὶ
550 2549 621 2616 δεῖν
642 2545 696 2628 (δι’
721 2545 739 2616 ό
762 2544 804 2630 δ’,
835 2548 987 2630 ε’ίσεοθε,
1019 2543 1184 2616 ἐπειδὰν
1211 2543 1288 2614 ὅλον
1313 2544 1370 2612 τὸν

194 2647 321 2738 τρόπον
338 2655 398 2740 τῆς
420 2649 606 2734 συντάξεως
629 2647 812 2740 ἀκούσητε).
846 2649 908 2729 τὰς
930 2647 966 2717 δὲ
985 2648 1131 2738 τριήρεις
1148 2655 1236 2730 πῶς·
1256 2649 1371 2730 (dilate

92 2801 101 2819 .
195 2751 237 2818 Ie.
258 2775 304 2831 ep.
328 2756 402 2835 1,9
432 2757 491 2820 τοῦ
522 2749 584 2836 μὲν
615 2752 780 2839 πράττειν
810 2780 843 2820 τι
864 2757 931 2820 τιῦν
962 2757 1081 2818 κοινῶν
1109 2747 1211 2829 εὐθὺς
1237 2749 1372 2836 ἐξέστην

196 2851 251 2932 (δι’
275 2851 315 2933 ῦς
341 2851 378 2922 δὲ
405 2853 609 2943 προφάσεις,
635 2854 736 2922 πολὺ
764 2851 809 2922 ἂν
837 2853 953 2941 ἔργον
981 2853 1039 2942 ε’ίη
1069 2856 1225 2940 λέγειν),
1254 2857 1313 2940 τῆς
1333 2847 1369 2916 δὲ

197 2953 405 3034 παιδεύσεως
440 2954 505 3022 κτέ.
548 2956 588 3022 D.
620 2959 676 3036 24,
709 2959 772 3024 202
803 2955 875 3042 (την
907 2951 1072 3044 άδελφὴν)
1106 2959 1173 3022 τῶν
1203 2949 1370 3040 ὑμετέρων

198 3055 331 3144 έχθριῦν
351 3056 400 3124 ίνλ
415 3095 454 3105 -
474 3056 670 3126 καταλύοντι
692 3053 775 3144 παρ’
795 3056 884 3144 αύτῷ
903 3095 944 3106 -
963 3059 1019 3126 καὶ
1036 3059 1242 3145 βουληθέντι
1259 3058 1372 3140 λαβεῖν

199 3155 302 3250 αύτήν
319 3157 368 3242 (ἐξ
383 3151 421 3226 οῦ
440 3159 477 3226 δὲ
491 3157 630 3246 τρόπου,
646 3161 900 3246 παραλείψω)
918 3155 1030 3244 λαβιύν
1048 3156 1202 3246 όργόριον
1220 3159 1374 3226 δέδωκεν.

197 3259 255 3342 (D.)
275 3262 333 3344 45,
354 3263 375 3328 3
395 3263 615 3348 (Φορμίωνος)
636 3260 698 3350 τὴν
718 3267 847 3350 μητέρα
868 3259 1035 3348 γήμαντος
1055 3258 1116 3349 τὴν
1139 3257 1222 3350 ίμὴν
1244 3257 1374 3350 άποδη·

195 3365 338 3445 μοῦντος
360 3359 441 3446 ἐμοῦ
463 3363 609 3452 δημοσίᾳ
631 3368 908 3452 τριηραρχοῦντος
931 3361 1006 3447 δμῖν
1026 3361 1074 3446 (όν
1095 3361 1223 3450 τρόπον
1245 3363 1293 3442 δέ,
1314 3357 1374 3430 οόκ

197 3459 279 3540 ἰ’σως
305 3460 406 3530 καλὸν
432 3463 500 3530 υίεῖ
526 3465 606 3552 περὶ
626 3461 756 3554 μητρὸς
778 3459 925 3550 άκριβιῦς
947 3463 1080 3546 εἰπεῖν),
1107 3463 1225 3552 ἐπειδὴ
1249 3463 1314 3532 κτλ.
1333 3501 1373 3512 -

282 3562 324 3630 Ιε
344 3567 393 3640 12,
416 3567 476 3632 201
512 3564 624 3632 ἐλθών
647 3561 679 3632 δ’
702 3560 720 3632 ό
744 3566 884 3656 κληθεὶς
906 3569 962 3634 καὶ
984 3562 1177 3652 διαναγνοὺς
1197 3565 1255 3634 τὸν
1278 3564 1377 3652 λόγον

196 3661 256 3746 (τὰ
281 3661 352 3754 γάρ
378 3663 524 3750 μεταξὺ
550 3673 589 3736 τί
615 3667 678 3734 δεῖ
704 3668 868 3752 λέγοντα
890 3667 1137 3754 διατρίβειη)
1163 3667 1374 3754 ἐδυσχέραινε

199 3837 404 3852 ..n-*n—

267 3937 293 4004 ⁸)
310 3935 352 3991 De
374 3933 492 4004 elliptico
514 3949 613 4002 genere
635 3935 756 4006 dicendi,
782 3936 855 4005 quod
872 3933 915 3989 his
933 3935 1001 3990 loeis
1018 3937 1165 4006 reperitur,
1189 3935 1223 3992 cf.
1242 3939 1322 3992 etiem
1340 3937 1374 3993 D.

200 4025 245 4088 ιθ,
269 4025 303 4078 24
329 4009 370 4084 ιύς
397 4013 436 4090 δ’,
463 4015 521 4088 ἐγὼ
545 4017 726 4092 πειράσομαι
747 4015 823 4090 πρὸς
845 4016 918 4086 ὑμᾶς
941 4016 1042 4075 εἰπεῖν.
1076 4021 1110 4078 D.
1127 4025 1171 4092 19,
1190 4027 1246 4080 139.
1272 4025 1314 4079 24.
1333 4025 1375 4080 90

196 4111 240 4178 ει,
258 4109 282 4162 ι.
315 4105 369 4174 (υ.)
385 4106 428 4174 ιι,
448 4109 487 4162 ιο.
511 4109 552 4162 ιο.
579 4106 679 4162 κιαι.
696 4109 721 4178 ε,
739 4110 781 4164 ει
808 4105 843 4160 ιι.
863 4109 903 4174 12,
922 4108 963 4162 τε.
990 4111 1015 4174 ε,
1034 4109 1091 4162 ιιε.
1108 4131 1143 4146 -
1160 4104 1196 4178 ο,
1215 4110 1255 4175 ιε,
1272 4111 1307 4164 ιι
1323 4107 1375 4160 κει

197 4185 280 4262 δθεν,
298 4181 402 4262 φράσω
421 4187 495 4258 πρὸς
513 4175 595 4256 ύμᾶς.
