3098 4732
687 177 840 274 -ιι-

145 391 149 396 ·
175 360 240 443 μέν
262 361 326 480 ὀύν
348 395 390 410 -
412 361 636 448 παραλείψω·
667 363 723 428 καὶ
748 359 810 448 γάρ
834 359 905 429 ἐστι
930 361 1038 428 πλείω
1066 363 1126 428 τοῦ
1152 364 1267 446 καιροῦ
1295 364 1352 426 τοῐ

178 485 354 548 παροντος.

264 579 338 666 Lys.
360 584 411 664 31,
432 583 475 649 20
497 580 552 650 οἶα
573 582 634 666 μὲν
658 571 715 648 ούν
737 617 778 630 -
801 580 976 672 παρήσω.

264 699 379 765 Aeseh.
402 703 430 782 1,
451 703 495 768 40
524 697 598 768 όσοι
628 701 689 784 μέν
721 690 778 768 ούν
808 706 874 768 τῶν
907 698 1065 786 ἐμπόριον
1095 695 1117 790 ἢ
1147 703 1213 764 τῶν
1245 693 1353 764 ἄλλων

178 803 283 882 ξένων
306 798 328 889 ή
348 807 415 868 τῶν
442 805 591 869 πολιτῶν
617 807 683 869 τῶν
710 797 880 891 ἡμετέρων
906 798 979 868 κατ’
1005 801 1151 879 ἐκείνους
1175 797 1253 880 τοὺς
1274 800 1355 886 χρό-

178 927 256 982 νους
284 901 463 992 ἐχρήσαντο
495 909 542 992 τῷ
574 903 704 988 σώματι
734 903 911 992 Τιμάρχου,
942 902 1026 971 ἑκὼν
1057 905 1114 970 καί
1139 901 1276 982 τούτους
1306 902 1354 983 (cf.

177 1008 199 1087 6
223 1008 273 1088 39)
300 1000 593 1094 όπερβήσομαι,
619 1008 675 1073 ἵνα
701 1005 747 1096 μή
769 1013 812 1091 μέ
833 1033 884 1086 τις
906 1007 986 1095 ε’ίπη
1010 1001 1056 1087 ὥς
1078 1004 1143 1093 ἄρα
1165 1007 1239 1072 λίαν
1262 1002 1355 1092 ἄκρι-

175 1110 384 1196 βολογούμαι
406 1108 540 1176 ἅπαντα
562 1107 746 1193 (ἐπιείκεια,
768 1107 808 1175 of.
830 1109 869 1174 D.
892 1113 942 1192 23,
966 1111 1045 1191 1481

265 1227 362 1315 Gorg.
380 1227 489 1298 Hel.5
512 1227 620 1309 ὅστις
641 1230 702 1314 μὲν
726 1219 782 1296 ούν
805 1230 870 1296 καί
892 1223 945 1296 δι’
970 1225 1030 1295 ότι
1052 1230 1117 1295 καί
1139 1225 1246 1305 ὅπως
1269 1225 1355 1293 ἀπέ-

177 1329 290 1420 πλησε
311 1325 369 1397 τὸν
393 1330 502 1416 ἐρωτα
523 1328 583 1421 τήν
605 1325 735 1422 Ἑλένην
758 1327 879 1416 λαβών,
902 1326 944 1398 ού
967 1332 1073 1412 λέξω.
1116 1326 1154 1396 τὸ
1181 1325 1243 1415 γὰρ
1270 1339 1355 1422 τοῖς

177 1429 331 1499 εἰδόσιν
355 1427 376 1499 δ
397 1433 507 1501 ἰ’σασι
529 1435 636 1521 λέγειν
659 1439 773 1502 πίστιν
794 1434 856 1520 μὲν
879 1433 960 1516 ἐχει,
981 1438 1100 1520 τέρψιν
1124 1427 1154 1496 δ’
1180 1426 1218 1497 ού
1242 1435 1355 1519 φέρει·

177 1531 235 1600 τόν
263 1531 383 1620 χρόνον
414 1535 451 1602 δέ
483 1539 531 1623 τῷ
558 1534 645 1624 λόγῳ
671 1533 728 1602 τὸν
754 1533 830 1602 τότε
857 1537 923 1623 (τῷ)
948 1539 1004 1602 νύν
1031 1527 1205 1622 ύττερβὰς
1232 1529 1290 1600 ἐπὶ
1313 1568 1354 1578 -

177 1633 406 1726 προβήσομαι
1114 1657 1117 1664 ·

265 1754 339 1840 LyS.
362 1759 434 1840 3‚b
461 1753 524 1824 ὅσα
549 1758 611 1842 μὲν
639 1748 696 1824 ούν
724 1793 775 1839 -,
801 1755 902 1826 πολύ
934 1751 978 1824 ἐν
1011 1755 1126 1845 ἐργον
1158 1753 1218 1844 ε’ίη
1248 1754 1354 1840 λέγειν

178 1853 253 1942 Lys.
272 1859 322 1940 23,
341 1847 379 1926 ‘11
402 1855 465 1927 όσα
486 1861 548 1945 μέν
567 1851 624 1928 σύν
643 1897 693 1944 -,
711 1857 834 1939 πολὺς
857 1853 901 1926 όν
924 1858 981 1947 ε’ίη
1005 1884 1072 1942 μοι
1094 1853 1209 1944 λόγος
1231 1855 1355 1945 διηγεῖ-

177 1964 271 2026 σθαι.
315 1957 373 2042 (D.)
394 1964 451 2042 49,
473 1963 515 2028 66
545 1959 588 2029 τὰ
617 1963 679 2048 μέν
711 1951 768 2030 οὖν
799 1957 881 2030 καθ’
915 1961 1040 2028 ἕκαστα
1072 1956 1183 2027 πόλλ’
1218 1953 1262 2024 όν
1294 1957 1353 2046 ε’ίη

177 2064 323 2148 λέγειν,
346 2054 391 2128 ὧν
414 2051 480 2129 κτέ.
710 2139 714 2149 Ι
1033 2051 1036 2058 ’

264 2180 408 2264 18621
432 2179 510 2262 τούς
530 2182 593 2266 μὲν
611 2172 668 2250 οὖν
686 2181 912 2264 κινδύνους-
932 2184 988 2250 καί
1009 2179 1070 2262 τὰς
1092 2177 1194 2260 ἄλλος
1216 2179 1356 2266 πράξεις

175 2281 238 2362 τὰς
269 2277 382 2350 οὐδέν
414 2282 514 2370 πρὸς
549 2281 593 2352 τὸ
624 2282 753 2372 παρὸν
784 2282 984 2374 φερούσας
1021 2289 1060 2352 τί
1095 2283 1155 2352 δεῖ
1191 2284 1356 2370 λέγοντο

177 2385 416 2472 διατρίβειν,·
445 2385 606 2470 Ιο14,1
634 2389 715 2474 περὶ
744 2387 806 2471 μὲν
838 2377 895 2454 σύν
922 2423 962 2436 -
990 2381 1062 2454 ούκ
1093 2381 1170 2453 οἶδ’
1204 2383 1264 2452 ότι
1296 2385 1357 2452 δεῖ

175 2489 463 2574 μακρολογεῖν·
484 2493 536 2570 τίς
557 2485 619 2577 γὰρ
643 2477 703 2556 ούκ
725 2483 826 2572 οἶδεν,
847 2485 899 2556 ότι
920 2487 986 2556 κτέ.

262 2605 303 2674 Is.
327 2607 376 2688 15,
397 2607 441 2674 54
472 2605 624 2687 ἅπαντας
653 2608 715 2692 μὲν
746 2597 804 2674 ούν
835 2605 891 2674 διὰ
920 2609 1037 2688 τέλους
1068 2607 1178 2674 εἰπεῖν
1210 2604 1278 2674 οόκ
1310 2602 1355 2674 δν

175 2707 382 2798 δυναίμην·
406 2703 513 2796 όγδρ
534 2710 674 2798 χρόνος
696 2704 714 2778 ό
739 2710 954 2794 δεδομένος
976 2705 1066 2798 ἡμῖν
1084 2706 1218 2795 ὀλίγος
1240 2707 1356 2778 ἐστίν.

177 2807 295 2897 ὥσπερ
324 2811 361 2878 δὲ
387 2816 455 2878 τῶν
478 2815 627 2898 καρπῶν,
653 2810 836 2898 ἐξενεγκεῖν
859 2809 1000 2880 ἑκάστου
1028 2812 1168 2897 δεῖγμα
1194 2808 1356 2898 πειράσο-

174 2936 238 2995 μαι
254 2914 367 2996 (praec.
385 2947 425 2960 -
443 2913 483 2978 δε
500 2913 601 2978 subet.
618 2913 738 2998 δεῖγμα
755 2913 795 2980 of.
811 2913 854 2980 Ιε.
866 2917 942 2994 1,11
961 2911 1000 2980 τὸ
1017 2913 1079 2996 μὲν
1093 2909 1229 3000 ἀκριβὲς
1247 2909 1356 2982 αὐτῶν

177 3009 213 3080 ἐν
226 3010 353 3100 ἑτέροις
371 3027 500 3100 καιροῖς
518 3011 723 3102 δηλώσομεν,
740 3015 861 3100 δεῖγμα
878 3015 916 3082 δὲ
933 3020 993 3104 τῆς
1011 3010 1204 3082 Ἱππονίκου
1224 3015 1357 3105 φύσεως

177 3119 233 3184 νῦν
253 3112 499 3206 ἐξενηνόχαμεν.
536 3114 631 3192 Dion.
648 3114 720 3182 Ηολ
738 3116 851 3182 histor.
871 3138 902 3201 p.
919 3120 980 3186 241
1005 3118 1052 3184 οδ.
1070 3116 1228 3204 Krueger.
1245 3115 1357 3186 πολλὰ

174 3215 315 3284 τοιοῦτό
345 3242 395 3296 τις
422 3212 463 3284 όν
490 3215 582 3306 εύροι
609 3213 653 3285 δι’
682 3215 763 3308 όλης
789 3214 889 3286 αότοῦ
915 3224 976 3309 τῆς
1006 3219 1155 3309 ίοτορίος
1186 3219 1356 3308 λεγόμενα.

178 3315 277 3388 ίκανδι
303 3319 341 3388 δέ
368 3321 424 3387 καί
450 3324 555 3388 ταῦτα
577 3320 755 3408 δείγματος
777 3320 876 3388 ἕνεκα
889 3321 1068 3412 εἰρῆσθαι.
1112 3321 1151 3388 Ι).
1172 3325 1224 3404 23,
1245 3325 1287 3390 65
1310 3313 1355 3388 ὧν

176 3415 327 3510 ὡσπερεὶ
349 3421 527 3508 δείγματος
549 3418 636 3490 ἕνεκ’
657 3419 749 3504 ἐξιόν
768 3421 857 3492 ἐστιν
877 3425 911 3492 ἓν
930 3419 952 3512 ἢ
971 3419 1023 3492 δύ’
1049 3419 1207 3506 ἀκούσαι).
1241 3423 1356 3490 Αεεολι.

179 3525 288 3604 1,109
310 3521 445 3590 ἅπαντα
465 3523 527 3607 μίν
550 3513 608 3590 οὖν
630 3524 817 3606 διεξελθεῖν
840 3521 862 3592 ἃ
883 3561 934 3608 -,
955 3522 1055 3612 πρὸς
1075 3522 1214 3614 μικρὸν
1235 3531 1356 3614 μέρος

175 3630 245 3714 τῆς
268 3626 411 3712 ἡμέρας
433 3621 502 3692 ούκ
524 3622 635 3707 ἐίξιον
658 3623 887 3713 ἐπιχειρεῖν.

262 3727 362 3794 Arist.
384 3726 465 3794 rhet
489 3731 564 3809 1,4
593 3730 632 3814 (ρ.
656 3730 696 3796 16
726 3726 887 3814 SpengeL)
916 3724 999 3798 καθ’
1033 3729 1173 3798 ἕκαστον
1189 3731 1265 3814 ,μὲν
1296 3722 1354 3798 ούν

176 3825 324 3916 ἀκριβῶς
341 3828 637 3917 διαριθμήσασθαι
658 3867 702 3880 -··
725 3827 769 3900 ού
788 3831 850 3898 δεῖ
871 3828 970 3900 κατὰ
990 3827 1056 3900 τὸν
1074 3831 1252 3920 παρόντα
1274 3859 1354 3900 και-

176 3928 244 4018 ρὸν
268 3931 397 4022 ζητεῖν
420 3928 536 4000 διὰτὸ
558 3953 585 3998 ο.
606 3933 663 4000 inf.

263 4031 412 4100 Anaxim.
434 4033 516 4100 rhet
539 4037 580 4102 29
601 4037 641 4118 (p.
663 4037 735 4115 215)
761 4032 812 4102 ὅτι
833 4035 895 4118 μὲν
918 4025 975 4102 οὗν
997 4071 1048 4116 -,
1069 4042 1282 4124 περίεργον
1305 4033 1353 4104 εί-

176 4159 231 4202 ναι
253 4135 375 4218 νομίζω
397 4130 484 4218 πρὸς
506 4129 591 4218 ὑμᾶς
612 4134 725 4204 τοῦτό
748 4160 790 4221 γε
815 4141 951 4226 σαφῶς
972 4135 1130 4218 εἰδότας
1152 4140 1268 4225 λέγειν.
1378 4193 1388 4214 ,

262 4235 341 4312 Iane.
364 4239 393 4318 1,
414 4238 435 4303 9
457 4230 621 4324 ὁπότερος
641 4239 704 4322 μὲν
726 4230 783 4308 οὖν
810 4277 867 4320 -‚
893 4238 989 4320 ἰὀως
1013 4235 1083 4306 οὐκ
1115 4239 1206 4326 ἐμὸν
1238 4241 1353 4328 ἔργον
