3098 4732
694 188 733 251 11

128 374 384 464 διαγιγνοῗσκειν1
426 372 521 438 Nune
543 393 629 456 vero,
652 393 725 436 oum
746 373 925 438 membrum
948 373 1184 440 adversativum
1206 374 1305 439 adda·

127 484 191 561 tur,
212 477 321 562 ejectis
339 475 444 541 verbis
462 479 589 562 βραχέα
606 472 771 559 βούλομαι
789 473 900 542 εἰπεῖν
918 479 952 542 et
972 475 1132 561 particula
1154 476 1201 558 δί,
1222 498 1305 560 quae

128 581 281 666 seqnitur,
300 579 338 654 ¹in
358 578 551 662 particulam
572 582 634 661 μέν
651 579 778 641 παιδολυ
799 577 905 642 loeum
928 578 973 642 sio
995 575 1212 664 effingendum
1235 579 1305 664 opi·

127 705 199 748 nor:
230 683 312 768 περί
343 677 379 747 δὲ
411 683 651 768 Κτησιφῶντος
682 713 721 726 --
753 676 796 744 τὰ
826 675 887 762 μὲν
919 677 1032 746 πολλὰ
1062 674 1306 769 δπερβήοομαι,

126 786 181 853 ἵνα
203 805 262 834 -·
293 778 369 849 ὅδ’
394 819 444 863 -,
474 776 563 848 τοῦτ’
594 779 669 867 δρῶ.
713 777 783 855 Quo
806 779 893 846 fatto
915 782 1018 847 multo
1040 781 1171 868 gravior
1193 783 1306 848 evadet

127 887 231 953 oratio
257 887 424 970 multoque
450 883 554 969 magis
579 882 641 948 hoo
667 882 909 968 praeteritionis
937 884 1118 969 exemplum
1150 889 1307 970 congruet

128 1013 200 1055 eum
229 988 376 1074 reliquiar
419 985 467 1050 De
487 977 705 1076 'oppositionis
732 985 765 1052 vi
791 985 826 1049 in
853 1007 891 1050 eo
914 987 1073 1067 membro,
1099 987 1186 1072 quod
1211 1009 1306 1072 prae-

72 1115 78 1127 *
128 1093 310 1158 teritionem
333 1090 467 1175 exeipit,
492 1110 550 1174 per
574 1110 665 1173 pron.
689 1078 785 1166 οὗτος
807 1087 943 1153 adaucta
964 1087 1051 1153 infra
1072 1089 1219 1173 pluribus
1241 1089 1307 1153 dis·

128 1217 239 1260 seram.
281 1193 493 1278 Displieuisse
514 1191 644 1257 videtur
676 1190 894 1276 grammaticis
917 1191 1031 1256 vocula
1057 1196 1139 1278 περί
1164 1191 1310 1255 absolute

126 1295 318 1381 praeposita.
353 1294 400 1359 At
417 1313 511 1378 saepe
530 1298 621 1378 περί,
643 1292 808 1357 interdum
827 1293 924 1358 etiam
941 1285 1027 1380 όπέρ
1049 1291 1084 1358 in
1101 1293 1242 1360 transitu
1263 1293 1308 1358 sie

126 1401 314 1481 usurpatum
337 1397 375 1461 de
393 1393 554 1462 Aeschine
574 1396 646 1480 ipso
668 1395 707 1460 of·
724 1399 752 1478 1,
771 1397 842 1461 136.
862 1396 935 1461 158.
956 1397 987 1476 3,
1004 1397 1076 1461 209.
1090 1389 1154 1461 Ι221
1174 1398 1213 1476 (1,
1229 1396 1307 1474 1311

128 1499 209 1564 Cum
234 1499 310 1582 hoo,
335 1499 374 1565 de
403 1520 466 1584 quo
493 1498 676 1582 quaerimus
702 1498 787 1578 loeo,
813 1497 961 1581 inprimis
988 1497 1236 1582 comparandum
1259 1505 1307 1560 est

129 1602 309 1688 exemplum
327 1599 624 1680 Demosthenicum,
642 1600 729 1683 quod
746 1597 831 1664 infra
848 1596 1020 1683 proferam,
1039 1601 1088 1683 18,
1099 1601 1168 1664 120.
1194 1596 1308 1663 Multis

128 1708 235 1769 autem
263 1701 569 1787 interpolationibus
596 1701 805 1786 depravatam
836 1723 904 1766 esse
930 1699 1099 1766 Aeschinis
1130 1701 1309 1765 orationem

128 1810 160 1872 in
190 1807 433 1890 Ctesiphontem
458 1801 602 1868 habitam
633 1803 742 1866 docuit
767 1802 931 1868 Weidner.
957 1803 991 1866 in
1022 1799 1122 1886 praef.
1148 1803 1307 1884 editionis,

19 1965 20 2008 η
130 1930 212 1993 quae
235 1907 320 1994 apud
342 1906 545 1970 Teubnerum
567 1904 697 1989 prodiit,
718 1927 748 1989 p.
766 1903 860 1968 XXV
881 1927 950 1990 sqq.
1046 1923 1049 1928 ·

19 2015 20 2036 ’
214 2009 254 2074 Is.
266 2009 389 2089 15,114
403 2003 592 2096 ἠβουλόμην
607 2002 638 2072 δ’
654 2003 703 2086 όν,
722 2003 838 2094 ὥσπερ
854 2005 1078 2094 ἐξαριθμῆσαι
1091 1999 1151 2084 τός
1168 2005 1308 2094 πράξεις

128 2110 244 2200 ῥᾴδιον
268 2117 412 2198 γέγονεν,
439 2107 543 2188 οδτως
571 2105 642 2176 οἶόν
664 2104 694 2174 τ’
721 2103 806 2176 εἶναι
829 2108 978 2198 δηλῶσαι
998 2104 1077 2187 τοὺς
1098 2105 1245 2195 καιροδς,
1272 2108 1306 2176 δν

129 2213 180 2292 οίς
198 2235 256 2262 -·
276 2209 365 2280 πολὺ
387 2207 449 2299 γὰρ
473 2206 513 2277 δν
532 2247 581 2273 -.
616 2216 673 2278 νῦν
693 2207 850 2278 δὲταῦτα
873 2207 934 2295 μὲν
958 2209 1059 2280 idom
1083 2205 1139 2276 διό
1160 2207 1309 2299 τὸιπλή·

130 2322 205 2394 θος,
248 2310 390 2403 ἠγοῦμαι
417 2309 448 2380 δ’
472 2307 558 2397 ὑμᾶς
579 2313 645 2380 κτὲ.
688 2313 730 2378 Is.
756 2317 805 2394 18,
826 2315 865 2380 51
892 2309 1082 2402 ἠβουλόμην
1105 2309 1136 2378 δδ
1162 2307 1202 2378 δν
1223 2307 1309 2398 ὑμᾶς

129 2411 253 2500 δμοίως
280 2415 355 2508 ἐμοὶ
380 2413 573 2502 γιγνώσκειν
601 2411 710 2496 αὐτόν,
736 2410 780 2481 ἵν’
805 2451 855 2478 -.
898 2419 954 2480 νῦν
982 2411 1019 2480 δὲ
1047 2417 1127 2502 περὶ
1153 2411 1215 2500 μὲν
1240 2419 1307 2481 τῶν
1426 2415 1433 2422 “

129 2517 239 2586 ἄλλων
262 2516 371 2596 ὅσοις
394 2515 667 2602 δπιβεβοόλευκε,
689 2519 755 2582 καί
777 2516 872 2594 δίκας
895 2517 980 2594 οἵας
1007 2551 1047 2562 -—
1076 2518 1140 2582 καί
1161 2551 1217 2599 -,
1243 2519 1308 2582 καί

127 2617 218 2703 μεθ’
245 2615 294 2685 ὧν
316 2647 358 2668 ⁴-
382 2621 446 2684 καί
468 2614 559 2685 καθ’
586 2605 636 2682 ὧν
659 2653 714 2699 -,
742 2613 820 2682 οὐδ’
846 2613 891 2682 δν
915 2617 974 2694 δίς
995 2621 1183 2684 τοσοῦτον
1205 2615 1306 2704 ὕδωρ

129 2720 265 2788 ἱκανὸν
298 2719 525 2809 διηγήσασθαι
555 2725 703 2805 γίνοιτο·
736 2721 779 2785 ἓν
811 2715 848 2786 δὲ
878 2717 980 2803 μόνον
1012 2715 1213 2800 ἀκούσαντες
1242 2726 1308 2786 τῶν

126 2820 235 2910 τούτῳ
260 2825 509 2909 πεπραγμένων
532 2823 589 2887 καί
614 2817 675 2909 τήν
699 2817 801 2910 ἄλλην
824 2816 926 2888 αὐτοῦ
948 2827 1114 2911 πονηρίαν
1135 2821 1310 2909 γνώσεσθε

125 2929 256 3012 (praes).
289 2924 363 3010 Lys.
381 2927 411 3006 3,
428 2927 471 2990 44
487 2921 683 3013 ’ἐβουλόμην
707 2918 738 2989 δ’
763 2918 803 2989 δν
827 2921 951 3005 ἐξεῖναί
971 2949 1029 3008 μοι
1051 2919 1135 3012 παρ’
1159 2919 1236 3010 ὑμῖν
1255 2927 1311 2992 ναὶ
1343 2939 1347 2952 ·

19 3021 21 3034 ’
130 3028 167 3096 ἐκ
190 3033 258 3095 τῶν
283 3026 394 3095 ἄλλων
418 3026 584 3108 ἐπιδεῖξαι
610 3023 670 3116 τήν
692 3024 811 3094 τούτου
833 3032 1008 3116 πονηρίαν,
1033 3027 1089 3094 ἵνα
1115 3023 1310 3116 ἠπίστασθε

19 3217 20 3222 ¹
130 3129 181 3197 δτι
203 3168 252 3194 -.
295 3126 421 3213 τὰμὲν
445 3120 510 3196 οὖν
534 3127 619 3195 ἄλλα
642 3127 765 3196 ἐάσω·
792 3126 809 3196 δ
833 3127 864 3196 δ’
886 3123 1029 3218 ἠγοῦμαι
1050 3167 1104 3212 -,
1125 3132 1207 3218 περὶ
1232 3127 1309 3196 τού-

19 3239 20 3286 3
129 3255 187 3297 του
209 3231 457 3322 μνησθήσομαι.

216 3333 487 3400 Dubitationis
509 3334 699 3419 exemplum,
722 3333 808 3418 quod
830 3332 893 3398 huo
915 3332 1121 3400 referendum
1138 3337 1195 3417 est,
1216 3355 1308 3419 prae·

130 3436 186 3500 bet
202 3435 243 3500 Is.
259 3439 308 3518 10,
324 3439 366 3503 29
384 3434 504 3524 ἀπορῶ
524 3434 554 3502 δ’
580 3433 631 3502 ότι
649 3433 825 3524 χρήσωμαι
846 3448 919 3515 τοῖς
937 3434 1146 3514 ἐπιλοίπους·
1170 3432 1310 3516 ἒπιστός

130 3535 193 3624 γὰρ
221 3535 280 3603 ἐπὶ
302 3535 345 3604 τὰ
370 3543 509 3620 Θησέως
530 3536 612 3625 ἔργα
629 3573 669 3586 -
694 3533 779 3604 ὀκνῶ
801 3533 863 3620 μὲν
884 3535 1008 3622 μεταξὺ
1030 3535 1231 3605 παύσασθαι
1253 3541 1309 3605 καί

131 3639 341 3727 παραλιπεῖν
367 3673 427 3721 -,
459 3637 669 3723 αἰσθάνομαι
700 3635 731 3704 δ’
760 3636 902 3722 ἐμαυτόν
934 3639 997 3720 ἔξω
1031 3638 1217 3728 φερόμενον
1243 3645 1309 3706 τῶν

19 3753 20 3808 i
130 3744 255 3827 καιρῶν
283 3741 338 3806 καὶ
361 3739 495 3807 δέδοικα
516 3738 563 3830 μή
585 3763 653 3807 τισι
676 3737 761 3822 δόξω
784 3731 837 3804 -Ᾰ
878 3740 916 3822 ἒξ
937 3738 1139 3830 ἀμφοτέρων
1157 3732 1214 3808 οὗν
1231 3740 1309 3809 τοό-

19 3847 20 3856 ’
130 3867 197 3908 των
225 3841 414 3930 αἱροῦμαι
440 3839 487 3908 τὰ
514 3841 583 3926 μὲν
610 3843 782 3910 πλεῖστα
812 3845 1059 3932 παραλιπεῖν
1083 3881 1137 3926 -,
1163 3845 1245 3934 περὶ
1272 3840 1308 3910 δὲ

19 3983 21 4034 γ
129 3947 196 4010 τιῖιν
220 3941 330 4010 ἄλλων
354 3938 399 4022 ὡς
421 3937 461 4009 δν
485 3941 633 4028 δόνωμαι
657 3944 893 4030 συντομώτατα
916 3945 1074 4013 διελθεῖν.

215 4045 407 4131 Exemplum
438 4045 642 4112 dilationis
673 4048 737 4112 huo
767 4052 913 4132 spectans
944 4047 1105 4133 reperitur
1131 4047 1244 4132 1157,
1267 4049 1308 4114 16

130 4145 215 4214 ὅθεν
243 4144 273 4214 δ’
303 4140 395 4216 οὗτοι
421 4153 634 4238 συνέστησαν,
660 4139 776 4225 sadra,
810 4147 974 4217 ἐπειδὰν
1001 4153 1082 4238 περί
1107 4153 1308 4237 τοῦγένους

150 4249 165 4274 »ν
278 4246 286 4268 Ι
371 4247 387 4274 Ἀ
469 4251 476 4269 ι
612 4249 623 4272 ³
677 4251 684 4272 Ι
810 4257 825 4270 n
882 4255 897 4270 a
965 4246 972 4269 1

130 4273 228 4332 ειπω,
244 4275 347 4333 τοτε,
365 4273 407 4317 αν
414 4254 588 4341 βουλησθε
604 4275 746 4334 ακουειν,
761 4251 840 4340 ἒρω·
857 4275 922 4320 νυν
941 4253 978 4320 δε
993 4258 1027 4320 τί
1045 4253 1173 4320 δίκαιον
1184 4253 1306 4337 νομίζω

1087 4363 1100 4402 n
