3098 4732
653 1099 773 1173 PARS
799 1099 951 1174 PRIOR.
1090 1059 1100 1083 ‘

791 1301 815 1366 1.

83 1475 90 1484 “
217 1425 450 1530 Ρτεελεκίλίο
475 1457 519 1530 in
545 1457 719 1532 transitu
741 1459 869 1532 edrai
892 1459 1170 1552 expositionem
1192 1465 1394 1554 usurpata.

217 1660 245 1738 1)
266 1656 461 1740 Membrum‚
489 1679 552 1742 quo
579 1659 763 1725 continetur
788 1660 989 1744 praeteritiO,
1019 1655 1206 1741 άσυνδέτως
1231 1661 1273 1728 ad
1299 1683 1396 1745 supe·

344 1759 431 1826 riora
451 1759 611 1844 adjicitur.

259 1913 264 1924 ·
303 1895 344 1962 D.
366 1898 422 1978 22,
445 1895 485 1963 15
509 1893 594 1963 άλλα
615 1894 728 1964 πολλὰ
750 1896 820 1980 ἐχοι
840 1923 892 1976 τις
914 1892 954 1964 δν
978 1897 1088 1965 εἰπεῖν
1111 1895 1133 1966 ά
1154 1904 1193 1986 τῇ
1217 1898 1318 1966 πόλει
1338 1905 1397 1985 γέ·
1444 1927 1456 1958 x

216 2021 313 2084 γονεν
341 1997 378 2065 ἐκ
405 2001 464 2064 τοῦ
490 1996 613 2077 ταύτας
638 1997 708 2079 (τὰς
733 2001 821 2080 ναῦς)
846 1998 1118 2068 κατεσκευάσθαι
1137 2003 1247 2081 καλῶς
1269 1999 1394 2090 ἀγαθά.

218 2095 294 2166 εἶεν.
341 2098 378 2167 ἐκ
405 2101 443 2167 δὲ
469 2105 528 2168 τοῦ
550 2105 660 2180 κακῶς
687 2100 779 2168 πάσα
810 2099 917 2184 δεινά,·
946 2100 993 2169 τά
1026 2104 1097 2187 μέν
1131 2101 1244 2172 πόλλ’
1273 2105 1397 2174 ἐάσω.

218 2197 287 2268 ἀλλ’
313 2199 373 2268 ἐπὶ
394 2207 457 2269 τοῦ
479 2203 678 2272 Δεκελεικοῦ
700 2203 913 2288 πολέμου-
935 2201 973 2272 οὔ
996 2203 1162 2294 πρότερον
1182 2211 1230 2295 τῷ
1252 2209 1393 2296 πολέμῳ

217 2310 448 2394 παρέστησαν,
478 2306 559 2390 πρὶν
589 2303 627 2372 τὸ
659 2301 811 2372 ναυτικὸν
842 2301 950 2372 αὐτῶν
971 2302 1149 2392 ζάπώλετο.
1192 2308 1394 2392 1).19,145

216 2409 257 2492 τῇ
287 2407 350 2491 μὲν
382 2402 422 2495 δὴ
454 2404 555 2474 πόλει
583 2403 672 2474 ταῦτ’
701 2406 738 2476 ἐκ
764 2411 824 2497 της
854 2407 988 2498 εἰρήνης
1014 2414 1147 2497 γέγονεν
1175 2448 1226 2494 -,
1255 2424 1328 2491 τοῖς
1355 2413 1393 2480 δέ

218 2511 383 2594 πρέσβεσι
413 2513 446 2575 τί
475 2521 549 2589 τοῖς
577 2513 681 2578 ταῦτα
715 2508 896 2595 πράξασινς
928 2507 975 2578 τά
1008 2512 1078 2596 μέν
1115 2509 1213 2580 άλλα
1248 2536 1400 2582 σιωπω·

218 2607 353 2688 πάνθ’,
381 2607 436 2680 δ’σ’
461 2607 625 2700 ἑοράκαθ’
649 2607 756 2698 ὑμεῖς,
783 2611 905 2695 οἰκίας,
927 2611 1015 2696 ξύλα,
1037 2613 1177 2702 πυρούς,
1199 2613 1273 2683 ἀλλ’
1298 2615 1332 2684 ἐν
1353 2643 1395 2706 τῃ

216 2717 283 2780 τῶν
326 2709 554 2782 ἀπολωλότων
595 2713 774 2801 συμμάχων
814 2713 909 2806 χώρᾳ
949 2713 1100 2807 κτήματα
1139 2720 1195 2785 καί
1237 2725 1395 2808 γεωργίαι

217 2817 453 2904 παμπληθεῖς.
497 2815 688 2902 Aeyndeion
714 2818 834 2884 talibus
860 2819 938 2885 locis
964 2819 1157 2906 legitimum
1188 2820 1251 2886 vid.
1278 2820 1317 2886 D.
1345 2825 1398 2906 14,

219 2919 268 2984 12.
303 2917 452 2998 21,15”ί.
488 2920 614 3000 23,27.
647 2921 717 2986 199.

304 3017 388 3084 Item
415 3019 541 3103 justum
573 3024 621 3086 esi
652 3021 787 3106 asyndet
789 3020 900 3104 oniD.
928 3025 983 3104 20,
1014 3025 1139 3090 107ί
1105 3029 1194 3102 τίνες
1227 3015 1284 3093 οὖν
1310 3025 1397 3093 εἰσιν

219 3145 318 3188 αυται
351 3121 397 3200 (αἱ
430 3123 546 3206 τιμαί),·
574 3119 644 3201 τάς
674 3123 722 3207 μέ
728 3148 746 3189 ν
773 3119 865 3190 καθ’
895 3123 1061 3192 ἕκαστον
1088 3123 1206 3207 ἐάσω,
1234 3122 1399 3210 μίανδ,

219 3219 239 3312 ἢ
269 3224 480 3308 συλλαβοῦσα
505 3220 565 3303 τὰς
592 3221 740 3303 άλλαςέ
738 3249 804 3308 χει,
835 3225 937 3310 δίειμι
962 3227 1144 3352 (ρτρεεὶεἰολ
1187 3227 1226 3292 Ι).
1250 3233 1301 3312 19,
1331 3232 1393 3297 331

218 3323 276 3392 τὸν
297 3321 359 3413 γάρ
378 3319 629 3416 Ἡγήσιππον“
613 3331 713 3448 ρράτε
739 3327 865 3409 (videte)
890 3325 1044 3407 καὶτοὺς
1069 3325 1139 3413 μετ’
1164 3325 1263 3398 αὐτοῦ
1289 3336 1398 3420 πρέσ-

218 3433 291 3513 βεις
312 3433 388 3508 πῶς
410 3427 555 3512 ἐδέξατο.
589 3427 637 3497 τά
663 3430 733 3514 μὲν
761 3427 859 3498 άλλα
886 3437 1038 3514 σιωπῶ,
1064 3428 1149 3500 άλλδ
1174 3433 1397 3523 Ξενοκλείδην

219 3532 351 3598 τουτονὶ
373 3528 431 3598 τὸν
452 3530 597 3622 ποιητὴν
620 3531 821 3622 ἐξεκήρυξεν.
864 3532 903 3598 D.
925 3537 955 3616 9,
976 3537 1019 3602 60
1042 3531 1111 3602 ἀλλ’
1136 3531 1182 3603 ἐν’
1207 3531 1308 3623 Ὠρεῷ
1334 3544 1396 3604 Φι-

220 3631 367 3722 λιστίδης
388 3633 450 3718 μέν
472 3632 618 3722 ἐπραττε
644 3636 808 3724 Φιλίππῳ
827 3671 880 3718 -,
903 3632 1074 3726 Εὐφραῖος
1096 3636 1133 3704 δέ
1154 3661 1206 3716 τις
1224 3674 1278 3720 -,
1299 3635 1397 3718 ὅπως

220 3732 396 3821 ἐλεύθεροι
426 3736 483 3802 καὶ
511 3733 654 3825 μηδενὸς
683 3737 798 3806 δοῦλοι
823 3737 964 3806 ἐσονται.
1007 3729 1104 3817 οὗτος
1133 3736 1179 3807 τά
1208 3741 1279 3824 μέν
1310 3737 1394 3807 ἄλλ’

221 3831 266 3916 ὥς
287 3831 436 3922 ὑβρίζετο
456 3875 511 3920 -,
537 3835 650 3906 πόλλ’
676 3835 720 3906 ἂν
748 3838 808 3927 εἴη
833 3842 979 3926 λέγειν·
1006 3838 1145 3930 ἐνιαυτῷ
1168 3842 1205 3910 δέ
1228 3838 1397 3930 πρότερον

219 3944 279 4027 τῆς
309 3934 467 4019 ἁλώσεως
502 3939 664 4024 ἐνέδειξεν
700 3935 745 4020 ὥς
775 3939 945 4030 προδότην
975 3939 1032 4010 τὸν
1067 3943 1269 4032 Φιλιστίδην.
1312 3942 1394 4010 Cum

219 4042 324 4126 primo
358 4042 428 4108 loeo
463 4043 580 4108 similia
614 4063 804 4130 componere
839 4041 1042 4130 supersedeo,
1076 4067 1149 4110 aum
1183 4046 1300 4128 altero,
1338 4047 1395 4112 ubi

219 4141 400 4210 Markland.
423 4142 542 4212 καὶτὰ
566 4145 629 4230 μέν
655 4145 752 4212 scribi
773 4145 890 4228 voluit,
916 4144 956 4212 ef.
979 4145 1019 4212 D.
1040 4149 1074 4228 3,
1097 4148 1124 4212 λ.
1161 4147 1214 4228 18,
1236 4148 1308 4216 253
1343 4149 1396 4232 23,

220 4248 270 4314 19.
298 4249 369 4314 129.
395 4249 466 4314 204.
494 4250 548 4328 18,
569 4247 646 4330 230,
667 4269 740 4314 eum
761 4247 859 4314 tertio
879 4246 920 4312 D.
942 4251 997 4332 20,
1019 4249 1090 4316 146.
1117 4249 1187 4316 148.
1220 4249 1290 4318 150.
1322 4251 1394 4318 151.
