3098 4732
751 161 790 226 19

182 353 272 418 loouo
305 353 360 430 13,
385 350 427 418 65
462 345 575 418 πολλὰ
608 352 733 427 τοίνυν,
764 344 827 414 ὅσα
854 383 909 430 -‚
943 345 1044 415 πολὺ
1075 345 1120 416 όν
1151 348 1210 436 εἰἠ
1242 347 1358 438 ἔργον

183 456 223 521 λί
244 477 300 520 ειν.

223 477 243 540 γ
270 553 441 620 Ρεοελεεεε
472 551 510 618 of.
549 551 590 616 Ιε
612 551 647 632 5,
669 552 730 617 109
757 573 804 636 sq.
847 549 899 616 Ab
929 551 980 616 his
1011 552 1163 638 exemplis
1192 553 1360 636 paululum

181 659 286 724 distat
312 655 351 721 D.
374 657 428 734 19,
451 656 513 722 180
542 657 640 720 τοῦτο
666 659 777 720 τοίνυν
803 647 883 719 αύτὸ
911 649 989 720 ἄνευ
1015 659 1081 721 τῶν
1110 651 1219 720 ἄλλων
1246 649 1360 742 ἡλίκον

183 756 256 830 ἔστ’
283 754 442 846 ἀδίκημα,
471 755 509 822 τὸ
536 753 670 846 Θρᾴκην
693 751 812 822 καὶτὰ
838 757 935 845 Τείχη
964 762 1151 843 προέσθαι,
1180 751 1285 844 μυρί’
1310 753 1360 823 ’όν

184 862 247 951 ε’ίη
283 862 420 946 λέγειν.
466 857 621 922 Extrema
647 862 733 923 rooto
760 857 900 942 explieat
931 855 1090 925 Sohaefer.
1122 859 1361 943 „copiosissimo

182 963 331 1030 oratione
353 964 461 1046 posset
484 959 709 1040 demonstrari,
732 959 758 1024 si
780 962 907 1044 tempus
928 963 1119 1046 patoroour‘fi

272 1063 363 1150 Lys.
375 1065 428 1143 14,
454 1058 539 1129 28τ
526 1059 589 1129 όσα
614 1061 676 1146 μὲν
703 1051 760 1127 ούν
787 1057 809 1150 ἢ
835 1057 1141 1150 εἰς-ήείς-
1164 1057 1362 1150 ἢπερὶ-

186 1195 206 1258 η
225 1169 380 1255 περι
398 1159 577 1290 ἡμάρτηκε,
593 1160 741 1251 μακρὸν
765 1189 808 1230 αν
828 1162 887 1252 εἰἠ
914 1166 1029 1250 λέγειν.
1060 1163 1133 1250 Lys.
1151 1167 1202 1246 32,
1220 1167 1261 1232 26
1279 1161 1362 1256 καθ’

182 1268 328 1336 ε’καοτον
367 1267 429 1351 μὲν
464 1255 520 1334 σύν
560 1260 722 1333 πολὺ*
699 1291 744 1333 αν
784 1265 897 1354 ’ἔργον
938 1269 995 1356 ειη
1032 1265 1119 1362 πρὸς
1153 1261 1238 1352 ύμᾶς
1273 1268 1364 1354 λογί-

183 1371 317 1452 ζεσθαι.

276 1469 462 1556 Comparari
493 1474 629 1557 possunt
661 1471 740 1536 hoeo
770 1470 978 1536 dilationis
994 1471 1167 1556 oxempla:
1197 1471 1236 1538 D.
1263 1472 1296 1553 6,
1323 1472 1364 1538 28

185 1575 268 1661 περὶ
294 1573 356 1657 μὲν
385 1571 425 1663 δή
452 1577 519 1640 τῶν
540 1565 617 1655 ύμῖν
644 1577 822 1660 πρακτέων
845 1566 926 1638 καθ’
950 1565 1036 1656 ὑμᾶς
1058 1568 1187 1651 αύτούς·
1202 1569 1365 1660 ὕστερον

184 1675 428 1762 βουλεύσεσθε,
451 1671 491 1742 όν
514 1679 728 1764 σωφρονῆτε·
752 1669 773 1740 ἃ
796 1674 833 1740 δὲ
852 1711 909 1756 -,
927 1679 1031 1742 ταῦτα
1054 1673 1073 1740 δ
1081 1701 1098 1764 η
1122 1676 1216 1756 λέξω.
1255 1674 1294 1738 Ι).
1317 1677 1367 1756 19,

192 1782 232 1846 17
264 1774 301 1844 όν
331 1778 393 1862 μὲν
421 1765 478 1843 σύν
507 1774 635 1864 τρόπον
658 1813 713 1858 -,
742 1771 864 1842 αὐτίκ’
898 1773 1105 1844 ἀκούσεσθε·
1138 1772 1212 1843 ἀλλ’
1246 1773 1365 1864 ἐπειδὴ

190 1878 258 1946 κτὲ.
293 1878 375 1944 Ρλελ
393 1877 524 1964 Protag.
548 1878 642 1946 2571)
663 1875 734 1966 ἥτις
756 1878 817 1962 μὲν
838 1883 949 1965 τοίνυν
959 1913 1013 1961 -,
1036 1877 1220 1956 εἰσαῦθις
1242 1875 1369 1963 σκεψό-

186 1987 303 2066 μεθα·
325 1979 378 2048 ὅτι
399 1979 437 2046 δὲ
459 1979 525 2047 κτὲ.

187 2171 221 2250 6)
243 2167 460 2253 Ρεοροείλίουὶ
483 2167 529 2232 roi
551 2189 653 2234 novoe
676 2161 812 2256 ὁρισμός
833 2167 1082 2254 ρεεεροαὶλαε*λ

279 2321 427 2386 Anaxim.
454 2320 537 2386 rhet.
564 2321 584 2386 2
615 2323 655 2406 (p.
679 2323 738 2407 181
766 2319 925 2406 SpengeL)
954 2323 1036 2409 περὶ
1060 2320 1122 2404 μὲν
1149 2311 1205 2388 ούν
1224 2358 1264 2368 -
1284 2318 1370 2388 σύτω

189 2422 248 2488 δεῖ
276 2427 491 2505 νομοθετεῖν,
531 2425 612 2511 περὶ
642 2423 743 2490 δὲ-
767 2418 850 2489 καθ’
880 2425 915 2490 ἓν
947 2424 1009 2507 μὲν
1044 2421 1185 2490 ἕκαστον
1221 2423 1372 2490 διελθεῖν

193 2520 292 2592 πολύ
318 2520 360 2591 ἂν
384 2525 500 2612 ἔργον
523 2525 598 2614 ε’ίη,
621 2524 842 2614 συλλήβδην
866 2525 902 2591 δὲ
926 2525 979 2590 δεῖ
1000 2523 1065 2590 κτὲ.
1087 2528 1217 2608 (ρετινετ).
1260 2523 1299 2588 D.
1322 2527 1374 2605 60,

190 2629 215 2692 Ι6
236 2623 280 2691 τὰ
300 2628 364 2709 μὲν
386 2618 443 2691 οὗν
471 2627 520 2705 εἰς
547 2633 642 2712 γένος
666 2623 830 2714 ἀνήκοντα
856 2629 993 2692 τοιαῦτα
1015 2625 1058 2692 δι’
1084 2625 1206 2704 αἰῶνος
1231 2622 1374 2714 ὑπάρχει

189 2737 266 2804 τοῖς
287 2726 393 2791 τῶνδε
414 2731 482 2792 τῶν
505 2724 634 2814 ἀνδρῶν
656 2726 851 2815 προγόνοις·
882 2723 925 2804 τὰ
947 2723 977 2794 δ’
999 2725 1048 2806 εἰς
1066 2723 1374 2816 ἀνδρίαν-πάντα

191 2829 256 2913 μὲν
283 2832 461 2916 κατοκνῶ
486 2829 616 2914 λέγειν
635 2865 675 2878 -
700 2827 949 2918 φυλαττόμενος
975 2826 1025 2919 μή
1055 2835 1181 2919 μῆκος
1208 2829 1373 2918 ἄκαιρον

266 3136 292 3203 *)
318 3135 490 3190 Βσοελωιλίεο
518 3131 643 3206 ορισμός
669 3149 734 3190 usus
759 3150 817 3190 oum
842 3141 953 3192 auctore
971 3138 1150 3206 Anaximene,
1181 3151 1274 3204 aquo
1301 3151 1324 3192 o.
1343 3141 1377 3194 32

192 3221 231 3288 (p.
250 3225 299 3276 221
331 3220 466 3290 spongo)
484 3220 676 3324 παλιλλογία
709 3227 737 3276 ελ
768 3209 893 3292 όρισμός
924 3222 964 3276 sio
995 3222 1206 3292 distinguuntur:
1239 3215 1312 3275 δ’ταν
1345 3219 1378 3276 δὲ

198 3294 311 3358 ἅπαντα
336 3297 444 3362 τούτον
461 3302 514 3362 τόν
532 3305 644 3378 τρόπον
661 3303 813 3374 μετιόντες
835 3303 1059 3376 διέλθωμεν-η
1082 3303 1133 3362 ἐὰν
1153 3303 1208 3374 μὲν
1224 3297 1375 3376 μακρδν’
1358 3326 1376 3376 η

198 3404 232 3441 το
221 3382 336 3458 μέρος
353 3391 404 3444 καί
422 3389 603 3462 βουλώμεθα
616 3385 863 3462 μνημονεύεσθαι,
882 3391 1033 3460 συντόμως
1047 3387 1377 3462 παλιλλογησομεν,

199 3465 252 3526 ἐὰν
271 3470 303 3528 δὲ
319 3465 547 3547 μέτριονήιιαῖ
565 3475 791 3574 μνημονεύηται,
810 3471 930 3532 αύτδτδ
950 3465 1076 3547 μέροςι
1059 3473 1272 3547 ορισάμενοι
1290 3472 1377 3530 παλιν
1445 3528 1447 3532 ,

201 3549 302 3626 ἕτερον
323 3559 560 3630 προθησόμεθα·
582 3555 701 3617 ἔστιδὲ
687 3549 836 3632 ἑδλὲγω
854 3557 990 3617 τοιόνδε·
1016 3552 1077 3632 ,τός
1093 3557 1147 3628 μὲν
1167 3556 1315 3616 δίκαιόν
1300 3578 1378 3616 εστιν

199 3634 275 3710 ἡμᾶς
291 3645 417 3740 βοηθεῖν
430 3644 658 3716 Συρακουσίοις,
676 3640 711 3700 ἐκ
727 3651 787 3700 ταῖν
805 3641 968 3717 εἰρημένων
986 3604 1096 3710 ίκύνοῖς
1115 3641 1316 3715 ἐπιδεδεῖχθαι
1330 3664 1378 3700 νο-

195 3725 293 3794 μίζω·
320 3715 359 3791 τός
382 3726 415 3788 δὲ
436 3732 487 3785 καί
510 3728 655 3802 συμφέρει
678 3735 769 3786 ταῦτα
791 3727 930 3801 πράττειν
953 3726 1131 3800 ἐπιχειρήσω
1151 3729 1325 3787 διδύσκεινλλ.
1344 3761 1378 3771 -

196 3812 250 3868 καὶ
272 3807 321 3866 ἐπί
342 3817 378 3884 τῇ
399 3817 520 3917 τελεοτη
543 3823 596 3872 τοῦ
617 3807 762 3887 μέρους
745 3837 762 3888 η
785 3815 978 3887 παλιλλογί
983 3833 1023 3870 αν
1041 3835 1058 3886 η
1085 3804 1237 3886 όριομδν
1255 3811 1379 3887 ἐπιθείς,

199 3895 288 3954 πόλιν
307 3889 409 3968 ἕτερον
427 3892 512 3954 λίπ’Ι
497 3920 532 3956 αν
551 3891 668 3974 ύιτοὶρχη
686 3901 833 3974 προτίθει.
870 3901 911 3960 cf.
933 3918 957 3958 c.
975 3905 1009 3960 95
1031 3905 1069 3972 (p.
1086 3895 1184 3969 227)”
1169 3921 1186 3970 η
1210 3903 1380 3956 παλιλλο-

196 3980 371 4056 γήσαντες
397 3981 549 4052 συντόμως
570 3985 606 4041 τδι
629 3988 842 4059 προειρημένα,
870 3981 887 4056 ή
910 3983 1015 4056 πέρατι
1039 3983 1074 4042 τδ
1096 3982 1187 4058 μέρος
1208 3987 1381 4042 τελευταῖον

200 4061 421 4138 δρισύμενσι.
459 4069 584 4126 Ceterum
602 4074 679 4142 potui
697 4074 779 4128 etiam
796 4087 860 4128 voce
879 4071 1056 4144 seJunotionio
1073 4069 1128 4140 τεὴ
1145 4069 1198 4126 vid.
1218 4069 1272 4126 Cic.
1287 4071 1320 4126 de
1339 4088 1380 4127 or.

199 4154 380 4224 111,53‚203
403 4155 555 4226 propositio
573 4156 637 4225 quid
662 4159 699 4214 sio
718 4157 838 4213 dicturus
862 4163 890 4211 ot
915 4157 955 4212 ab
982 4171 1033 4226 eo,
1060 4155 1146 4225 quod
1168 4159 1220 4210 εει
1241 4155 1381 4224 ἀλείατα,

196 4239 369 4308 sejunctio
391 4241 451 4299 ooll.
469 4241 561 4311 Quint.
579 4246 604 4315 9,
627 4247 651 4312 1,
669 4247 710 4300 28.
746 4248 771 4312 2,
789 4247 814 4300 2.

1148 4335 1173 4376 20
