3098 4732
730 157 884 258 Q

223 345 381 430 Θηβαίων
403 335 526 423 Ἔχῖνον
554 338 737 430 άφήρηται,·
764 339 821 425 οὑχ
844 337 946 430 ήμῶν,
973 342 1022 411 ἰῶ
1047 335 1166 425 τᾶλλα,
1192 342 1277 412 άλλά
1304 355 1396 434 Χερ-

219 439 362 532 ρονήσου
389 439 448 531 τήν
476 449 634 532 μεγίστην
661 443 730 526 ἔχει
756 443 856 512 πόλιν
879 446 1043 531 Καρδίαν;
1068 445 1108 511 cf.
1130 447 1276 532 exemplu
1298 473 1395 534 supra

219 545 318 610 allata
340 544 379 609 D.
401 548 431 626 3,
453 547 503 610 27.
525 547 655 626 24,107
679 567 827 630 quucquc
846 548 886 612 ad
907 547 994 612 hunc
1015 547 1037 610 l.
1059 548 1295 615 adnotaverunt
1320 553 1395 618 intc
1526 595 1527 598 =

220 646 293 711 Non
320 647 427 731 plura,
462 668 543 731 quae
569 647 633 711 huc
657 648 854 731 pertincant,
886 671 981 713 amc
1007 655 1137 735 repertu
1163 674 1245 732 εεεε,
1274 655 1394 720 nemini

218 749 336 814 mirum
357 749 527 813 videbitur.

218 921 248 998 2)
270 917 440 986 'Francicus
461 941 519 1004 per
541 919 733 1004 particulam
756 919 792 987 δέ
815 919 960 986 efficitur.

188 1049 191 1054 ’
304 1053 343 1118 Ι).
365 1058 416 1136 23,
438 1057 500 1122 208
527 1059 583 1120 νῦν
610 1051 640 1122 δ’
666 1053 736 1144 ἰδίᾳ
761 1057 823 1140 μὲν
851 1055 981 1145 ἑκάστῳ
1007 1063 1074 1125 τῶν
1099 1055 1142 1125 τά
1168 1056 1262 1127 κοινά
1288 1086 1394 1148 πρατ-

216 1154 342 1222 τόντων
369 1154 512 1246 τοσαύτη
541 1163 719 1244 περιουσία
748 1157 837 1226 ἐστὶν
865 1156 951 1226 ὥστε
978 1181 1036 1208 -·
1068 1161 1214 1250 δημοσίᾳ
1239 1159 1270 1228 δ’
1298 1158 1393 1246 ὑμεῖς

218 1255 239 1324 ά
256 1259 319 1341 μὲν
337 1247 548 1342 οἰκοδομεῖτε
567 1261 622 1325 καὶ
640 1265 782 1342 κονιᾶτε,
804 1254 850 1339 ὥς
866 1257 969 1348 μικρὰ
987 1263 1043 1327 καί
1060 1264 1207 1350 γλίσχρα,
1229 1263 1390 1354 αἰσχύνη

218 1363 357 1446 λέγειν,
401 1355 475 1427 ἀλλ’
500 1355 588 1443 ἔχετ’
612 1361 723 1428 εἰπεῖν
746 1360 798 1428 ὅτι
820 1368 913 1450 κοινῇ
936 1362 1138 1452 κτησάμενοι
1159 1367 1393 1452 καταλείψετε,

218 1460 333 1551 ὥσπερ
347 1461 469 1530 ἐκεῖνοι
487 1460 712 1551 Χερρόνησον,
734 1459 950 1552 Ἀμφίπολιν,
968 1462 1066 1545 δόξαν
1084 1465 1189 1552 ἔργων
1208 1469 1333 1549 καλῶν,
1350 1505 1391 1517 -

218 1565 256 1628 D.
275 1567 304 1646 8,
322 1567 363 1631 63
385 1559 480 1648 ὑμεῖς
503 1560 533 1629 δ>
559 1556 604 1629 ὧν
621 1566 683 1648 μὲν
702 1562 951 1655 ἀπεστέρησθε,
973 1572 1126 1633 σιωπῶ·
1150 1563 1223 1634 ἀλλ’
1249 1567 1283 1635 ἰν
1301 1566 1391 1656 αὐτῷ

215 1671 262 1752 τῷ
276 1662 336 1754 τήν
351 1665 484 1756 εἰρήνην
498 1665 713 1755 ποιήσασθαι
730 1663 810 1734 πὸσ)
824 1666 1051 1757 ἐξηπάτησθε,
1069 1669 1186 1736 πόσων
1200 1665 1392 1761 ἀπεστέρη-

216 1775 290 1836 σθε.
333 1767 412 1834 Post
439 1761 484 1834 ὧν
505 1769 568 1852 μὲν
590 1769 741 1834 excidisse
768 1771 891 1855 aliquid
917 1771 1125 1838 manifestum
1150 1772 1231 1838 mihi
1252 1775 1391 1856 videtum

214 1872 291 1956 quid
314 1871 481 1953 exciderit,
506 1877 616 1936 utrum
643 1871 818 1958 πρότερον,
844 1877 881 1940 ut
902 1874 1007 1938 visum
1030 1877 1079 1938 εελ
1100 1873 1321 1957 Docdcrlinic,
1347 1899 1388 1942 un

213 1972 248 2039 ἰν
265 1979 313 2059 τη]
332 1975 472 2059 πολέμῳ
491 1995 530 2036 au
552 1971 660 2039 ἄλλων
678 1995 721 2038 an
740 1976 864 2060 siquid
885 1979 1051 2060 practerea
1074 1977 1252 2062 excogicari
1273 1982 1389 2064 potest,

212 2076 284 2158 quis
316 2079 365 2140 cst
395 2075 451 2158 qui
483 2075 659 2158 dijudicet?
705 2075 745 2140 D.
768 2079 823 2157 18,
849 2080 923 2143 214·
944 2074 966 2144 ἃ
991 2074 1022 2144 δ’
1052 2073 1148 2167 ἡμεῖς
1173 2075 1260 2163 πρὸς
1285 2083 1389 2146 ταῦτα

210 2181 261 2256 (sc.
284 2175 446 2260 ε’ίπομεν),
476 2172 518 2242 τά
544 2176 606 2259 μὲν
634 2172 716 2242 καθ’
750 2173 864 2244 ἕκαστ’
898 2175 964 2264 ἰγιὺ
994 2177 1055 2264 μὲν
1087 2177 1161 2247 ἀντὶ
1191 2177 1318 2260 παντὸς
1349 2177 1388 2248 ἂν

139 2299 143 2308 ’
210 2284 413 2368 τιμησαίμην
435 2277 546 2344 εἰπεῖν
564 2283 622 2344 τοῦ
640 2285 726 2364 βίου,
747 2274 834 2363 ὑμᾶς
856 2277 893 2347 δὲ
916 2282 1051 2349 δέδοικα
1072 2282 1129 2372 μή,
1151 2282 1390 2372 παρεληλυθό-

210 2406 277 2446 των
299 2385 366 2446 τῶν
390 2385 522 2464 καιρῶν,
549 2374 739 2468 ὡσπερανεὶ
768 2383 824 2448 καλ
846 2380 1076 2468 κατακλυσμὸν
1098 2391 1301 2474 γεγενῆσθαι
1321 2391 1388 2451 τῶν

211 2481 418 2570 πραγμάτων
441 2477 631 2572 ἡγούμενοι,
657 2480 826 2566 μάταιον
853 2482 968 2567 δ’χλον
994 2481 1084 2564 τοὺς
1115 2489 1209 2574 περὶ
1238 2485 1387 2554 τούτων

211 2586 351 2670 λόγους
373 2591 580 2674 νομίσητε·
603 2582 654 2652 ὅτι
676 2580 706 2651 δ’
727 2576 784 2652 οὑν
803 2584 985 2671 ἐπείσαμεν
1009 2582 1183 2676 ήμεῖςκαὶ
1206 2584 1282 2677 ἡμῖν
1302 2586 1388 2656 άπε-

214 2693 378 2774 κρίναντο,
400 2682 564 2754 ἀκούσατε
586 2689 716 2771 (praec).
759 2685 833 2772 Lys.
857 2692 907 2769 13,
929 2689 970 2756 65
993 2684 1073 2776 περί
1095 2686 1132 2756 δὲ
1155 2697 1389 2779 συκοφαντίας,

210 2786 292 2866 ὅσας
313 2781 409 2867 οὑτος
428 2784 449 2876 ή
467 2825 506 2836 -
528 2783 605 2875 ή-
625 2785 646 2876 ἢ
664 2825 715 2870 -,
732 2785 845 2856 οὐδέν
867 2813 914 2874 με
937 2790 999 2856 δεῖ
1020 2786 1111 2858 καθ’
1136 2791 1302 2859 ἕκαστον
1325 2795 1388 2858 λέ-

208 2911 308 2976 γειν·
340 2889 526 2978 συλλήβδην
552 2885 614 2976 γάρ
646 2885 741 2974 ὑμεῖς
768 2888 915 2972 ἅπαντες
942 2891 1007 2959 κτὲ.
1051 2891 1220 2960 Assentior
1248 2896 1300 2976 iis,
1330 2894 1387 2978 qui

209 2995 316 3057 totum
342 2993 447 3056 locum
475 2993 652 3073 §cu-66
679 2993 825 3077 spurium
852 3015 919 3058 csse
942 2995 1099 3078 judicant.
1126 3031 1166 3042 -
1192 2993 1323 3077 Isacc,
1347 2997 1385 3061 17

212 3091 329 3183 ἐπειδὴ
353 3089 509 3162 δὲταῦτα
533 3089 679 3183 φανερὸν
701 3093 832 3181 ἐγένετο
851 3131 902 3178 -,
924 3092 946 3164 ά
966 3095 1027 3182 μὲν
1050 3133 1090 3146 -
1114 3092 1135 3186 ἢ
1157 3094 1220 3166 ὅσα
1243 3135 1293 3178 -,
1315 3092 1386 3164 οὑκ

212 3191 284 3262 οἶδ’
319 3195 379 3262 ὅτι
410 3197 472 3264 δεῖ
502 3197 643 3282 λέγειν,
670 3193 691 3263 ά
718 3195 756 3263 δὲ
779 3235 834 3279 -,
859 3203 964 3266 ταῦτα
991 3196 1164 3268 ἀκούσατε.
1208 3198 1247 3262 D.
1270 3202 1321 3280 31,
1344 3201 1386 3266 12

212 3293 256 3377 ιὺς
279 3295 317 3366 δὲ
339 3296 560 3388 συνήλθομεν,
580 3296 623 3366 τά
644 3295 705 3384 μὲν
727 3295 840 3366 πολλὰ
861 3301 982 3368 τίδεῖ
1003 3303 1146 3388 λέγειν,·
1168 3293 1248 3389 ήκον
1268 3296 1299 3366 δ’
1320 3299 1386 3366 κτὲ.

210 3399 249 3464 D.
269 3404 317 3481 18,
336 3401 377 3468 88
401 3399 528 3467 τούτων
551 3395 587 3467 δὲ
608 3407 810 3487 γιγνομένων
833 3399 966 3488 ὅτιμὲν
988 3408 1139 3490 προσῆκε
1162 3415 1274 3470 ποιεῖν
1292 3395 1388 3486 ὑμᾶς,

211 3497 280 3568 οἰκ
309 3499 570 3592 ἐπερωτήσω·
593 3503 693 3590 δῆλον
715 3501 777 3590 γάρ
802 3503 890 3572 ἰστιν
913 3503 1055 3572 άττασιν·
1078 3500 1163 3572 ἀλλὰ
1184 3508 1235 3583 τίς
1258 3494 1296 3592 ήν
1320 3503 1386 3570 κτὺ.

211 3641 250 3652 --
282 3604 398 3672 Aesch.
419 3609 453 3688 3,
475 3607 538 3672 213
568 3607 649 3692 περὶ
680 3605 716 3674 δὲ
742 3611 983 3696 Κτησιφῶντος
1012 3611 1071 3674 τοῦ
1102 3605 1295 3694 γράψαντος
1324 3603 1384 3694 τήν

209 3703 342 3798 γνώμην
365 3713 492 3794 βραχέα
513 3705 678 3792 βούλομαι
699 3709 820 3794 εἰπεῖν,
840 3707 883 3776 τά
905 3707 941 3778 δὲ
959 3705 1071 3776 πολλὰ
1093 3703 1384 3796 ὑπερβήσομαι,

209 3811 265 3877 ίνα
288 3812 344 3877 καὶ
366 3821 489 3896 πεῖραν
512 3807 618 3894 λάβω,
641 3809 672 3877 εἰ
694 3807 843 3878 δάνασδε
865 3807 942 3890 τοὺς
965 3808 1097 3898 σφόδρα
1120 3809 1300 3900 πονηρούς,
1322 3803 1384 3874 κάν

209 3911 255 4000 μή
278 3937 328 3990 τις
349 3917 514 4000 προείπῃ,
541 3909 805 3999 διαγιγνώσκειν·
837 3910 855 3980 ὑ
881 3909 912 3980 δ’
938 3911 1009 3982 ἰστλ
1036 3909 1146 3980 κοινὸν
1174 3915 1230 3980 καὶ
1256 3912 1388 3978 δίκαιον·

210 4009 284 4082 κατ’
305 4012 507 4102 ἀμφοτέρων
525 4011 633 4080 αὐτῶν
652 4009 854 4102 ἀπαγγεῖλαι
875 4011 962 4102 πρὸς
983 4010 1076 4100 ὑμᾶς,
1097 4009 1186 4082 τοῦτ’
1212 4011 1287 4100 ἐρῶ.
1323 4013 1387 4080 Τε-

210 4115 271 4202 tigi
294 4114 381 4184 hunc
402 4115 508 4182 locum
526 4115 595 4199 jam
617 4139 724 4201 supra,
745 4117 801 4182 ubi
823 4118 862 4182 dc
883 4117 1009 4200 (1).)53,
1026 4121 1047 4184 3
1069 4115 1144 4182 dixi.
1185 4113 1278 4182 Nihil
1295 4117 1331 4180 in
1348 4137 1388 4182 co

211 4217 395 4284 offensionis
426 4239 493 4284 εεεε
523 4221 684 4302 putarem,
719 4218 746 4282 si
777 4219 1021 4286 concluderetur
1051 4217 1256 4284 cuunciutum
1287 4218 1388 4284 verbu
