3098 4732
783 159 805 224 4

716 245 868 257 ——n———o

203 347 344 430 positum
370 346 515 412 scribam.
559 345 612 410 Ad
636 346 696 411 has
721 346 841 412 formas
868 347 990 410 accedit
1020 347 1130 422 tertia,
1163 369 1227 430 qua
1255 345 1382 410 mentio

203 447 339 531 alicujus
365 448 413 514 rei
438 445 474 511 in
500 449 587 517 aliud
614 452 741 533 tempus
768 449 928 529 differtur,
952 469 1051 532 quam
1073 449 1114 513 ob
1136 469 1264 513 cauam
1286 470 1306 512 a
1327 467 1381 510 me

203 549 341 614 dilatio
379 550 555 617 uocabitur.
606 551 712 634 Hujus
749 551 874 636 figurae
913 571 985 614 cum
1020 549 1115 634 plura
1150 549 1216 614 sint
1251 569 1382 635 genera,

201 675 302 717 ainnm
324 673 396 717 eum
425 654 653 738 praeteritione
679 657 752 718 arta
778 651 1020 738 propinquitate
1045 653 1231 737 copulatum
1256 651 1381 742 pariter

202 777 274 821 cum
297 756 356 821 hae
377 775 559 841 persequar.
602 755 747 842 Reliqua,
769 757 798 821 si
818 777 876 840 per
898 761 1026 840 tempus
1046 755 1198 836 licuisset,
1218 756 1253 820 in
1275 755 1380 818 altera

203 858 377 942 appendice
410 862 616 941 tractassem3
648 879 733 923 nune
769 881 806 924 ea
836 859 1032 944 conjungam
1063 880 1136 923 aum
1164 856 1380 922 revocatione.

201 959 372 1024 Praeterea
402 960 455 1024 hie
484 961 798 1029 commemorandum
828 965 877 1025 est
908 966 1017 1048 σχῆμα
1053 960 1275 1037 ἐπιεικείας
1309 959 1377 1023 sive

79 1053 82 1056 ¹
203 1060 418 1144 ἐπιεικοῦς,
440 1061 527 1146 qued
549 1063 739 1147 Anonymus
762 1064 801 1127 de
821 1063 876 1148 fig.
897 1059 956 1143 111,
979 1065 1040 1129 148
1063 1061 1212 1147 Spengel.
1233 1062 1379 1126 breviter

202 1165 247 1230 aie
268 1165 394 1230 definit:
426 1163 572 1242 ἐπιεικὲς
599 1163 709 1252 σχῆμά
735 1163 838 1245 ἐστιν,
864 1162 944 1230 ὅταν
965 1161 1008 1230 τὰ
1031 1164 1150 1230 ἑαυτοῦ
1171 1159 1258 1230 καλὰ
1280 1162 1378 1230 ἐλατ-

200 1279 268 1347 τοῖ,
289 1263 332 1333 τὰ
358 1266 395 1332 δὲ
420 1271 480 1332 τοῦ
507 1245 657 1333 tenuiter>
685 1262 706 1354 ἢ
730 1261 774 1332 τὰ
800 1263 886 1332 καλὰ
909 1267 1031 1353 ἑπαίρῃ
1056 1261 1142 1353 iisd
1168 1263 1254 1331 κακὰ
1275 1267 1376 1348 μειοῖ.

202 1368 314 1433 Fusius
337 1367 376 1434 de
402 1369 462 1434 hoe
484 1389 602 1454 genere
629 1368 802 1454 explicavit
823 1367 1044 1453 Hermogenes
1065 1368 1104 1432 de
1125 1368 1168 1432 id.
1188 1367 1234 1448 II,
1259 1389 1290 1452 p.
1312 1371 1377 1434 369

202 1493 270 1555 sqq.
313 1469 463 1548 Inprimis
489 1472 527 1534 cf.
550 1493 632 1556 quae
654 1471 737 1535 dixit
761 1493 792 1554 p.
814 1473 878 1536 374
902 1468 988 1553 μετὰ
1009 1467 1131 1556 ταύτην
1153 1469 1190 1536 δὲ
1215 1467 1377 1553 peaoeeg

201 1571 290 1642 ἐστιν
315 1571 507 1652 ἐπιεικείας)
529 1567 548 1660 ἡ
577 1571 614 1639 ln
637 1576 888 1660 παραλείψειος.
931 1571 1026 1638 δοκεῖ
1046 1569 1109 1658 γάρ
1131 1595 1206 1650 πως
1228 1570 1376 1649 ἐπιεικὲς

201 1670 287 1741 εἶναι
321 1670 359 1740 τὸ
392 1673 509 1741 ἑκόντα
545 1677 770 1762 παραλείπειν
801 1673 863 1742 ὅσα
892 1699 943 1753 τις
969 1673 1081 1740 εἰπεῖν
1107 1673 1175 1756 ἔχει
1205 1671 1290 1740 κατὰ
1314 1677 1376 1739 τοῦ

200 1771 323 1864 ἐχθροῦ
351 1773 374 1865 ἢ
403 1779 459 1843 καὶ
490 1772 575 1865 ὑπὲρ
608 1777 734 1846 ἑαυτοῦ.
779 1780 835 1844 καὶ
861 1775 949 1843 πολύ
975 1801 1012 1863 γε
1037 1773 1077 1842 τὸ
1104 1772 1298 1857 ἀξιόπιστον
1321 1771 1379 1841 διὰ

198 1876 258 1967 τὴν
299 1878 547 1968 ἐμφαινομένην
587 1878 770 1947 ἐπιείκειαν
811 1879 847 1945 αἱ
891 1880 1116 1966 παραλείψεις
1159 1877 1271 1960 ἔχουσι
1311 1875 1377 1943 ani.

198 1980 376 2065 Exemplis,
412 1999 492 2062 quae
522 1982 569 2046 ibi
600 2005 619 2045 a
645 1981 862 2047 Demosthene
894 1981 1084 2065 deprompta
1114 1980 1226 2044 attulit
1252 1983 1296 2060 (9,
1324 1982 1375 2044 26.

202 2086 250 2163 16,
275 2087 344 2148 131.
375 2085 456 2164 268),
478 2083 611 2166 adjunxi
634 2084 711 2164 alia,
737 2105 819 2168 quse
841 2087 899 2147 aut
920 2085 1088 2148 continent
1113 2081 1377 2167 praeteritionem

201 2189 258 2249 aut
284 2183 325 2248 ad
351 2185 591 2268 praeteritionis
622 2185 767 2270 exempla
797 2186 941 2270 proxime
971 2185 1134 2250 accedunt.
1177 2182 1251 2248 Vid.
1276 2183 1375 2248 etiam

200 2307 282 2370 quae
308 2287 435 2369 scripsit
457 2285 652 2352 Volkmann.
678 2287 700 2351 l.
721 2289 741 2351 1.
767 2308 796 2370 p.
818 2289 891 2353 416.
934 2286 1023 2351 idem
1045 2287 1096 2351 vir
1120 2287 1233 2352 doetus
1258 2309 1289 2370 p.
1310 2287 1377 2350 423

199 2389 239 2453 de
260 2387 504 2452 dubitatione
535 2387 721 2472 disputarit,
747 2389 988 2474 cujns'tigurae
1015 2389 1063 2453 vis
1090 2391 1157 2452 tem
1184 2389 1249 2452 late
1276 2391 1378 2471 patet,

199 2495 236 2555 ut
258 2490 374 2554 mirum
397 2509 550 2554 essenon
572 2490 688 2575 possit,
718 2491 746 2556 si
772 2490 806 2554 in
833 2489 894 2554 hac
916 2511 1042 2574 quoque
1065 2491 1284 2575 disputatione
1304 2489 1374 2570 ejus

198 2593 320 2660 mentio
341 2591 407 2656 fiat
446 2591 561 2657 Restat
582 2596 619 2657 ut
640 2593 722 2658 illud
743 2593 803 2658 hee
825 2594 896 2658 loeo
917 2593 1060 2658 breviter
1081 2593 1268 2678 significem,
1289 2591 1375 2656 mul·

198 2699 249 2762 tes
271 2697 370 2776 locos,
397 2714 478 2778 qnos
500 2695 644 2776 afferam,
671 2695 821 2760 Isocratis
842 2695 981 2759 maxime
1003 2699 1036 2760 et
1058 2693 1299 2776 Demosthenis,
1320 2695 1375 2758 in·

197 2798 306 2882 signes
328 2817 396 2861 esse
418 2797 575 2881 singulari
596 2799 735 2881 quadam
757 2797 911 2864 orationis
929 2798 1021 2882 eopia
1042 2802 1076 2864 et
1097 2799 1254 2878 ubertate,
1276 2819 1373 2882 quam

140 2925 144 2932 ·
197 2895 344 2962 rhetores
366 2895 481 2962 Graeci
507 2897 691 2986 περιβολήν
713 2900 872 2966 dixerunt
915 2899 1083 2966 liberrime
1109 2899 1148 2964 de
1174 2921 1212 2964 ea
1234 2907 1373 2984 egerunt

198 2998 419 3084 Hermogenes
454 2998 500 3080 Π,
539 3021 569 3084 p.
600 3003 663 3067 315
698 3023 767 3085 sqq.
805 3005 838 3065 et
877 3000 1036 3067 Aristides
1066 3002 1111 3082 Π,
1151 3025 1180 3088 p.
1209 3005 1273 3069 472
1304 3023 1375 3086 sqq.

200 3101 349 3187 Spengel.
392 3099 431 3165 In
458 3101 698 3185 praeteritionis
723 3104 830 3188 figura
855 3101 1019 3192 περιβολή
1045 3105 1214 3189 praecipue
1236 3105 1271 3168 in
1293 3104 1376 3168 dua-

199 3206 258 3269 bus
288 3203 384 3268 rebus
413 3203 568 3286 cernitur,
600 3205 634 3268 in
660 3205 789 3289 copiosa
819 3209 876 3271 ant
906 3226 1026 3287 rerum,
1057 3227 1140 3291 quae
1168 3207 1377 3288 omittuntur,

200 3303 440 3372 enumeratione
461 3309 519 3370 aut
539 3325 717 3387 causarum,
738 3328 795 3372 cnr
820 3307 942 3392 aliquid
964 3309 1254 3394 praetermittatur,
1275 3329 1375 3393 expo·

199 3407 324 3473 sitione.
367 3405 437 3471 Hoc
459 3427 495 3471 ex
518 3427 634 3494 genere
657 3412 733 3473 sunt
754 3409 993 3494 praeteritionis
1015 3412 1161 3496 exempla
1182 3431 1255 3475 eum
1277 3434 1376 3496 περι-

199 3510 282 3596 βολῇ
306 3509 487 3592 conjuncta,
508 3529 592 3594 quae
614 3515 743 3596 sumpta
764 3535 783 3576 a
805 3511 1023 3578 Demosthene
1043 3515 1104 3594 (21,
1126 3513 1176 3580 15.
1205 3515 1275 3580 106
1302 3515 1375 3580 129.

199 3614 233 3692 9,
260 3612 310 3677 26.
351 3613 384 3691 1,
411 3613 460 3676 13.
495 3613 550 3693 57,
572 3614 622 3679 66.
661 3615 716 3694 20,
740 3616 793 3696 16)
824 3614 962 3700 protulit
991 3615 1149 3680 Aristides
1179 3637 1210 3702 p.
1231 3619 1293 3683 481
1327 3638 1374 3700 sq.

200 3713 348 3778 Οεΐεειιαι
378 3713 440 3778 vid.
467 3713 565 3778 etiam
592 3713 770 3780 Rehdsnta.
805 3715 896 3782 Dem.
922 3737 967 3781 or.
990 3715 1071 3782 Phil.
1097 3717 1162 3782 ind.
1188 3718 1212 3783 1.
1243 3741 1267 3784 s.
1288 3739 1318 3782 v.
1341 3723 1376 3783 et

197 3813 390 3880 Volkmann.
410 3813 432 3876 1.
454 3813 475 3877 1.
496 3835 527 3899 p.
548 3817 612 3882 472
633 3837 679 3902 sq.
723 3817 794 3904 Ego
825 3818 997 3904 quaedam,
1022 3839 1105 3904 qnae
1130 3819 1194 3884 huc
1216 3821 1374 3904 spectant,

197 3915 283 3982 inira
309 3915 488 3982 accuratius
514 3919 727 4002 pertractabo.

282 4017 347 4083 Diu
391 4017 592 4104 multumque
635 4021 715 4086 mihi
758 4021 935 4109 cogitanti,
982 4021 1251 4110 quemadmodum
1290 4045 1373 4109 quae

197 4122 231 4190 in
265 4119 412 4206 legendis
447 4122 628 4190 oratoribus
664 4123 783 4192 Atticis
818 4125 998 4194 omissionis
1039 4125 1184 4210 exempla
1223 4126 1373 4212 collegis·

197 4245 264 4290 sem
299 4213 395 4307 quani
430 4221 594 4305 aptissime
628 4225 825 4312 digererem,
860 4227 1014 4313 deniqne,
1053 4225 1135 4292 sedis
1169 4228 1373 4314 potissimum
