3098 4732
750 185 792 248 48

695 271 834 280 ι--..---.
841 273 847 278 .

186 371 422 453 desiderantum
444 391 502 436 nec
524 372 675 453 poterant
697 368 791 436 facile
813 371 874 436 hae
895 370 1001 454 figura
1022 369 1081 448 uti,
1103 368 1361 454 quandoquidem

186 473 221 538 in
246 473 393 557 plurimis
419 471 657 556 praeteritionis
685 471 856 556 generibus
883 471 954 556 ipsa
982 471 1195 556 oppositionis
1217 472 1266 536 vis
1287 491 1362 554 pos-

186 575 327 656 tulabat,
361 577 399 640 ut
432 571 658 658 praetereundi
688 571 787 638 verbo
823 577 1001 638 extremum
1036 574 1141 638 locum
1175 573 1362 638 tribuerent

188 677 309 744 Contra
331 675 562 741 Demosthenes
580 677 609 756 9,
626 677 667 740 26
689 675 724 740 in
746 673 809 740 line
831 675 968 749 duorum
988 675 1205 740 membrorum
1226 675 1363 762 repetito

187 780 285 845 verbo
308 777 390 842 dixit
412 775 457 846 ἐῶ
476 813 517 824 -
536 781 665 858 σιωπῶ,
686 797 825 861 quocum
842 777 862 842 l.
884 776 1023 842 conferri
1043 780 1179 859 possunt
1195 775 1364 862 Lycurgea
1466 846 1471 854 ,

187 881 252 962 1111,
272 903 356 964 ¹quae
378 880 413 944 in
436 877 589 944 Latinum
610 900 763 944 conversa
786 879 927 944 servavit
948 877 1091 943 Rutilius
1113 876 1222 962 Lupus
1243 881 1282 963 (p.
1302 881 1364 944 120

188 984 235 1048 ed.
257 981 407 1062 Rutuli:
429 979 469 1044 In
491 976 681 1064 praesentia,
705 981 840 1064 judices,
860 980 985 1063 injussu
1006 979 1118 1064 populi
1139 1001 1222 1064 quae
1243 981 1364 1065 impro-

188 1084 317 1150 bissime
339 1083 485 1168 gesserit,
507 1082 690 1148 reticebo:
713 1083 752 1147 de
775 1082 864 1148 falsis
887 1082 956 1166 ejus
977 1081 1090 1162 literis,
1111 1103 1192 1165 quas
1214 1083 1254 1148 ad
1272 1105 1364 1147 sena-

186 1191 258 1252 tum
284 1185 421 1266 miserit,
446 1184 546 1250 nihil
577 1184 709 1250 dicam:
741 1205 823 1269 quae
854 1184 903 1248 illi
929 1205 1022 1266 saepe
1053 1184 1254 1250 interminati
1286 1184 1365 1266 sitis,

188 1289 370 1368 omittam.
405 1285 478 1352 vid.
502 1286 608 1366 etiam,
630 1286 657 1352 si
678 1286 774 1351 modo
796 1285 955 1370 genuinus
978 1288 1027 1350 est
1044 1285 1142 1365 locus,
1163 1283 1237 1370 Lys-
1255 1289 1305 1368 13,
1323 1288 1364 1353 65

186 1389 267 1469 (adel
298 1388 336 1452 D.
361 1390 415 1470 18,
436 1390 477 1455 69
500 1393 563 1473 sq.).
606 1387 800 1472 Plerumque
823 1385 950 1469 Graeci,
976 1407 1049 1452 cum
1075 1409 1139 1468 res,
1166 1409 1245 1472 quas
1271 1410 1364 1472 prae·

187 1492 285 1556 terire
303 1490 425 1570 volunt,
442 1489 632 1574 singulatim
646 1492 835 1554 enumerent
854 1525 894 1536 -
934 1492 1050 1554 tuntur
1063 1493 1170 1554 autem
1184 1490 1365 1573 saepissime

187 1593 248 1658 hac
269 1591 463 1677 peribolos
485 1589 590 1656 forma
608 1627 658 1671 -,
679 1590 738 1658 has
761 1611 871 1655 omnes
893 1613 958 1655 uno
980 1591 1151 1656 verborum
1173 1593 1296 1657 ambitu
1317 1593 1365 1657 ita

188 1695 453 1778 complectuntur,
475 1696 512 1756 nt
534 1695 644 1756 tamen
665 1692 891 1776 pronominum
910 1692 1196 1778 adverbiorumque
1213 1695 1364 1760 relativo-

188 1819 270 1878 rum,
293 1794 567 1878 conjunctionum,
586 1794 869 1879 praepositionum,
890 1795 991 1879 ipsius
1009 1795 1146 1880 denique
1164 1797 1293 1862 articuli
1313 1819 1364 1861 re-

190 1898 348 1984 petitione
367 1895 518 1980 orationi
549 1897 614 1961 vim
651 1900 682 1961 et
712 1897 838 1982 pondus
869 1897 1048 1978 1111111119
1099 1896 1201 1972 Quam
1231 1920 1298 1962 rem
1328 1902 1366 1962 nt

189 2001 395 2066 attenderent
421 1998 570 2080 lectores,
595 1999 664 2082 jam
690 1999 853 2084 inpriore
881 2001 973 2082 parte
993 2001 1194 2084 prospexisse
1215 2000 1295 2064 mihi
1317 2000 1365 2064 vi·

189 2104 278 2184 deor,
299 2124 398 2186 quare
421 2101 474 2166 hic
492 2102 569 2168 satis
592 2101 694 2166 habeo
716 2100 1049 2184 luculentiorahujus
1071 2101 1199 2186 generis
1222 2102 1366 2186 exempla

188 2205 223 2268 in
244 2227 345 2270 unum
367 2224 547 2289 congerere.
594 2201 678 2268 Sunt
700 2207 809 2268 autem
830 2201 923 2270 haec.-
943 2201 1017 2287 Lys.
1042 2206 1090 2285 14,
1113 2205 1162 2270 28.
1189 2206 1240 2284 30,
1263 2208 1282 2270 2
1305 2206 1365 2286 (13,

189 2308 248 2389 65).
283 2307 324 2397 Is,
346 2309 376 2388 4,
398 2309 448 2374 91.
472 2309 542 2372 114.
573 2309 602 2386 8,
625 2308 675 2372 81.
707 2309 736 2388 9,
758 2308 808 2371 21.
831 2307 880 2372 31.
914 2307 964 2386 12,
985 2307 1057 2372 262.
1089 2307 1138 2386 16,
1160 2308 1210 2372 21.
1243 2309 1292 2386 18,
1314 2305 1364 2371 51.
1468 2361 1471 2366 .

189 2401 303 2476 Aesch.
327 2412 355 2490 1,
376 2411 427 2475 40.
453 2411 483 2490 3,
504 2409 543 2474 51
568 2431 614 2492 sq.
641 2411 680 2489 (3,
702 2409 782 2489 225).
818 2406 857 2472 D.
882 2410 909 2486 1,
929 2410 977 2472 13.
1005 2410 1033 2486 9,
1056 2410 1105 2474 21.
1128 2410 1177 2474 26.
1204 2410 1263 2489 (18,
1286 2410 1365 2489 268).

111 2559 115 2576 .
190 2516 240 2594 20,
264 2515 312 2578 76.
344 2514 395 2592 21,
418 2511 467 2576 15.
497 2511 549 2592 54,
569 2513 620 2576 44.
657 2509 730 2574 Din.
755 2513 782 2590 1,
805 2511 854 2574 94.
885 2507 1114 2574 Ρ111.Μ111111.
1136 2511 1226 2574 2391
1251 2512 1366 2590 (2411).

189 2614 287 2700 Gorg.
310 2613 381 2678 Hel.
404 2613 433 2677 5.
473 2611 581 2696 Etiam
604 2632 643 2676 ex
665 2611 819 2696 asyndeto
841 2611 876 2676 in
897 2611 1126 2695 praeteritione
1148 2611 1214 2676 vim
1235 2615 1268 2676 et
1290 2632 1366 2696 gra·

189 2717 324 2781 vitatem
351 2713 491 2778 orationi
518 2714 665 2778 accedere
691 2714 850 2796 probatur
876 2713 926 2776 his
949 2712 1026 2778 locis
1049 2711 1286 2778 Demosthenis:
1318 2716 1367 2798 18,

191 2819 335 2884 69100.
368 2809 510 2895 19,145.

276 2918 450 3002 Reliquum
476 2920 525 2982 est
555 2922 593 2982 ut
622 2917 732 3001 paucis
759 2917 798 2982 de
824 2918 880 2983 illo
907 2918 1050 2983 membro
1077 2918 1250 3003 disputem,
1282 2919 1368 3003 quod

186 3023 226 3088 ,111
252 3021 412 3107 plurimis
427 3021 666 3105 praeteritionis
692 3021 804 3086 formis
832 3021 873 3103 ei,
901 3043 965 3106 quo
987 3021 1066 3086 haec
1093 3021 1284 3103 continetur,
1311 3043 1368 3105 op-

191 3125 269 3209 poni
283 3124 372 3190 solet.
404 3121 503 3206 Cujus
517 3122 728 3207 oppositionis
747 3145 811 3208 qao
829 3124 931 3188 maior
953 3127 1037 3189 esset
1054 3125 1112 3204 vis,
1130 3122 1239 3188 Cicero
1258 3145 1367 3208 saepe·

191 3247 326 3290 numero
346 3224 588 3310 pronominibus
609 3225 671 3288 hic
693 3229 726 3290 et
747 3225 815 3290 ille
837 3225 884 3290 111
901 3247 1003 3290 novae
1021 3225 1186 3290 notionem
1203 3229 1369 3310 tamquam

192 3328 359 3412 antecepit.
400 3326 446 3390 Cf.
464 3329 591 3411 praeter
609 3349 681 3390 eum
699 3327 814 3408 locum,
836 3348 930 3411 quem
948 3328 1042 3392 modo
1062 3328 1159 3392 attuli
1184 3330 1223 3412 (p.
1242 3325 1367 3392 Cluent.

193 3433 244 3512 66,
267 3432 346 3511 188),
366 3451 397 3512 p.
418 3427 521 3494 Flacc.
543 3432 594 3510 32,
617 3431 657 3495 19
679 3427 776 3494 Mitto
799 3429 885 3512 quod
904 3465 954 3491 —.
988 3428 1091 3493 Illud
1114 3451 1241 3514 quaero,
1263 3429 1368 3494 sintne

192 3537 251 3598 etc.
278 3533 316 3596 de
341 3527 416 3616 im'p.
440 3530 495 3596 Gn.
517 3529 627 3614 Pomp.
651 3532 700 3612 16,
722 3532 763 3597 48
789 3529 904 3614 Itaque
934 3553 999 3596 non
1029 3552 1100 3594 sum
1126 3531 1367 3614 praedicaturus

192 3637 332 3718 quantas
359 3656 413 3695 -:
444 3633 514 3698 hoc
544 3632 730 3698 brevissime
762 3632 882 3714 dicem,
912 3633 1071 3697 neminem
1103 3637 1162 3697 etc.
1192 3633 1227 3697 in
1253 3632 1367 3714 6111,

192 3739 222 3818 6,
241 3737 282 3801 14
299 3734 527 3800 Praetermitto
547 3734 658 3799 ruinas
681 3754 735 3816 -3
757 3735 797 3799 ad
820 3731 889 3800 illa
906 3735 1008 3816 venio,
1030 3757 1112 3819 quae
1131 3739 1189 3800 etc.
1211 3758 1241 3819 p.
1259 3734 1367 3810 Quint.

191 3839 244 3919 27,
266 3839 308 3903 84
329 3835 417 3901 Η111
443 3837 550 3902 omnia
576 3836 685 3901 mitto:
712 3835 919 3918 illud'dic0,
945 3837 1110 3902 dominum
1136 3840 1194 3902 etc.
1224 3859 1255 3921 p.
1275 3835 1368 3901 Rosa.

192 3940 300 4004 Amer.
311 3942 361 4022 28,
372 3941 412 4005 16
429 3937 551 4025 Verum
569 3938 647 4003 haee
664 3938 762 4004 missa
779 3937 873 4004 facio:
896 3939 992 4004 illud
1010 3959 1137 4023 quaero,
1158 3939 1186 4004 is
1204 3938 1299 4002 homo
1319 3973 1368 4020 -,

191 4043 347 4108 conficere
372 4041 523 4126 potuerit.
567 4039 711 4106 Eandem
738 4041 900 4126 prolepsin
927 4041 1024 4106 etiam
1045 4041 1131 4124 apud
1153 4038 1290 4105 Graecos
1316 4040 1367 4104 in-

282 4266 306 4330 *)
322 4263 385 4318 Non
402 4277 465 4318 raro
483 4261 589 4316 accedit
607 4261 686 4315 etiam
706 4251 936 4327 ὁμοιοτέλευτον.
