3098 4732
724 149 877 244 -εκ-

216 341 310 427 περὶ
337 339 495 406 πολλῶν
522 336 655 403 εἰπεῖν
677 333 851 417 παύσομαι
870 335 980 412 (imus.
1002 334 1045 398 ad
1065 335 1154 418 spii}
1196 333 1255 417 (D.)
1276 339 1328 419 40,
1349 341 1397 405 38

216 444 314 527 έχων
330 448 441 509 τοίνυν
460 444 524 508 καὶ
547 439 647 508 ἀλλα
669 438 799 506 πολλὰ
821 442 878 506 καὶ
895 437 988 506 δεινὰ
1006 443 1151 527 λέγειν,
1170 438 1191 508 ἀ
1207 479 1259 523 -,
1277 437 1398 527 ἀναγ-

215 543 384 628 κάζομυι
406 543 462 611 διά
483 542 522 610 τὸ
544 539 655 629 ὀλίγον
677 537 765 608 εἶναί
785 565 845 624 μοι
865 539 904 608 τό
926 539 1015 629 ύδωρ
1037 546 1290 630 παραλιπεῖν.
1334 567 1397 609 νο-
1522 547 1523 552 ’

214 647 299 731 μέζω
330 643 393 734 γὰρ
424 649 480 713 καὶ
512 644 549 713 ἐκ
574 643 701 712 τούτων
726 639 804 728 ύμῖν
831 644 954 722 ἱκανῶς
984 643 1219 728 ἐπιδεδεῖχθαι
1249 640 1295 724 ῶς
1323 645 1397 712 κτὲ.

221 771 281 834 pro
303 747 366 836 γάρ
389 753 520 814 auctore
542 747 713 813 Sohaefsro
735 748 773 814 δέ
796 747 999 812 scribendum
1020 747 1165 828 videtur)
1522 813 1523 816 ,

300 850 341 916 Is.
363 873 411 936 op.
434 854 463 933 2,
487 854 527 917 13
549 848 679 916 πολλὰ
705 845 737 916 δ’
762 849 859 932 έχων
885 848 1020 915 εἰπεῖν
1043 845 1099 916 διὰ
1119 845 1179 937 τὴν
1200 853 1262 916 τοῦ
1282 848 1396 937 πρόγ-

214 977 321 1038 ματος
351 952 450 1042 φύσιν
482 950 657 1036 παύσομαι
686 953 809 1038 λέγων·
840 947 935 1036 οἶμαι
960 947 1023 1039 γὰρ
1050 987 1101 1014 ·-·.
1145 947 1182 1018 ου’
1213 947 1280 1040 μήν
1306 948 1396 1018 ἀλλὰ

216 1059 338 1142 καίπερ
366 1053 492 1122 τούτων
514 1051 620 1132 ούτως
647 1051 789 1136 ἑχόντων
811 1048 849 1120 ού
876 1054 1128 1140 παραλειπτέον
1150 1051 1221 1120 ἐστὶ
1246 1049 1290 1120 τό
1310 1056 1396 1140 περὶ

215 1163 274 1246 τής
296 1156 443 1238 πόλεως,
470 1151 555 1222 ἀλλά
577 1153 643 1222 κτὲ.
685 1155 816 1236 (1).)45,
839 1157 880 1222 86
906 1151 1039 1221 πολλὰ
1067 1152 1102 1222 δ’
1132 1155 1230 1239 ’έχων
1256 1155 1394 1222 εἰπεῖν
1522 1243 1523 1250 ¹

215 1263 296 1346 περλ
319 1253 364 1326 ὧν
386 1258 559 1346 ύβρισμαι,
581 1255 638 1340 ούχ
662 1253 774 1326 ἱκανόν
800 1253 837 1324 ἀν
864 1253 902 1324 τό
927 1255 1018 1345 ὕδωρ
1045 1253 1113 1353 ὁρῶ
1134 1283 1193 1342 μοι
1218 1259 1328 1338 (trans
1351 1260 1393 1324 εδ

216 1363 298 1448 epiL)
341 1359 401 1444 (D.)
422 1363 473 1441 61,
495 1363 537 1426 33
563 1357 693 1426 πολλὰ
724 1356 755 1425 δ’
785 1358 882 1442 ’έχων
907 1358 972 1426 οε’τι
998 1363 1079 1448 περὶ
1106 1365 1166 1428 σοῦ
1196 1360 1394 1442 διελθεῖν,

216 1461 316 1530 αὐτοῦ
333 1460 529 1529 καταλύσειν
547 1485 605 1546 μοι
623 1461 713 1528 δοκῶ
734 1457 792 1528 τὸν
815 1460 964 1542 ἐ’παινον,
981 1458 1101 1540 δεδιῶς
1117 1459 1164 1550 μή
1182 1497 1233 1525 -·-.
1258 1460 1394 1529 παυσό-

215 1589 315 1648 μενσς
342 1554 399 1630 ούν
420 1565 501 1648 περὶ
526 1561 662 1643 τούτων,
688 1560 750 1652 ήδη
778 1561 986 1650 πειράσομαί
1012 1587 1066 1631 σοι
1093 1561 1330 1648 συμβουλεύειν
1356 1563 1395 1646 ἐξ

217 1659 262 1732 ιῖιν
284 1665 350 1733 κτέ.
385 1665 424 1732 D.
447 1667 498 1747 57,
519 1667 561 1732 66
583 1661 712 1731 πολλὰ
735 1660 766 1731 δ’
790 1665 887 1748 ἔχων
909 1668 975 1732 καὶ
997 1661 1079 1732 ἀλλ’
1105 1665 1280 1747 ἐπιδεῖξαι,
1302 1662 1388 1746 ἃ-,

216 1764 324 1857 ἡδέως
344 1769 406 1852 μέν
431 1764 470 1835 ἀν
492 1761 568 1852 ὑμῖν
591 1769 729 1853 λέγοιμι,
752 1767 870 1856 ἐπειδή
894 1763 924 1834 δ’
949 1767 1013 1850 ἔξω
1035 1773 1094 1835 τού
1117 1766 1315 1854 πράγματος
1337 1791 1391 1834 νο·

214 1867 320 1955 μέζετ’
350 1866 449 1950 εἶναι,
480 1868 592 1936 έάσω.
636 1865 875 1959 ἀναμνήσθητε
902 1866 933 1936 δ’
963 1869 1098 1938 ἐκείνων
1125 1869 1191 1937 κτδ.
1219 1865 1329 1950 (Aries
1350 1867 1395 1950 ΙΙ,

214 1996 245 2058 p.
254 1976 314 2040 481
331 1972 530 2059 Spengel.-·
542 1977 643 2037 trans
653 1973 694 2036 ad
703 1968 1012 2059 ἀνακεφαλαίωσιν)
1043 1972 1084 2036 Ι).
1101 1975 1180 2055 19,9
1197 1971 1329 2039 πολλὰ
1350 1971 1395 2038 δέ

216 2077 271 2141 καὶ
294 2072 387 2141 δεινὰ
412 2086 647 2162 κατηγορεῖν
674 2073 771 2156 έχων
798 2073 857 2140 ’έτι
882 2069 978 2158 πρὸς
1007 2072 1167 2153 τούτοις
1197 2073 1314 2162 ἕτερα
1340 2111 1394 2157 -,

215 2175 381 2262 βούλομαι
410 2171 478 2262 πρὸ
509 2173 646 2241 πάντων
677 2167 723 2241 ῶν
753 2177 865 2259 μέλλω
897 2176 1004 2262 λέγειν
1035 2212 1077 2224 -
1107 2170 1300 2265 ὑπομνῆσαι
1326 2175 1395 2242 κτὲ.

215 2277 355 2360 (dilatio)
373 2313 414 2326 -
432 2275 548 2342 Aesoh.
568 2279 596 2357 1,
615 2276 674 2342 157
698 2275 758 2343 έτι
780 2271 810 2342 δ’
835 2275 968 2344 εἰπεῖν
991 2275 1088 2360 ’έχων
1110 2275 1283 2358 πολλοὺς
1304 2276 1395 2346 παύ-

143 2413 150 2434 ·
218 2403 328 2462 σομαι,
344 2379 399 2446 ἵνα
416 2375 463 2466 μή
482 2378 571 2444 δοκῶ
583 2413 633 2440 ·-·.
663 2381 745 2464 περὶ
762 2379 799 2444 δέ
817 2379 1193 2468 τῶν-μνησθήσομαι.
1218 2379 1393 2459 Is.12‚262

218 2478 399 2564 ἀπλήστως
425 2481 461 2547 δέ
490 2480 698 2564 διακείμενος
725 2479 760 2548 έν
782 2485 829 2568 τῷ
851 2479 996 2568 παρόντι
1021 2479 1108 2565 πρὸς
1129 2479 1167 2548 τό
1191 2484 1305 2568 λέγειν,
1333 2483 1389 2562 καλ

218 2579 330 2651 πόλλ’
356 2579 400 2650 ἀν
423 2581 557 2648 εἰπεῖν
579 2581 760 2665 ἔχωνέτι
786 2585 851 2650 καὶ
877 2586 971 2670 περὶ
992 2619 1035 2634 -·
1056 2586 1121 2651 καὶ
1147 2587 1241 2670 περὶ
1262 2617 1301 2632 -
1324 2584 1390 2648 καὶ

218 2689 313 2772 περὶ
333 2721 375 2736 -
397 2685 584 2768 ταῦταμὲν
607 2682 724 2766 έάσω,
746 2687 827 2772 περὶ
850 2677 895 2754 ὧν
918 2686 956 2752 δέ
978 2721 1029 2767 -,
1050 2688 1133 2772 περὶ
1152 2683 1279 2752 τούτων
1301 2682 1392 2754 ἀπο-

218 2792 396 2877 φανοῦμαι,
422 2823 462 2836 -·
492 2786 731 2862 Quodammodo
757 2788 822 2852 huo
848 2791 995 2873 spectant
1017 2789 1128 2870 eiiam,
1154 2809 1349 2873 quamquam
1371 2811 1391 2851 o
1522 2819 1523 2856 i

216 2890 348 2975 reliquis
366 2888 519 2973 exemplis
541 2889 706 2972 paululum
725 2889 887 2970 differunt,
908 2911 990 2974 quos
1012 2891 1140 2975 scripsit
1158 2889 1386 2955 Demosthenes

217 2995 273 3072 21,
293 2993 335 3057 65
366 2985 539 3066 πολλοὺς
569 2985 600 3054 δ’
634 2984 678 3055 ἀν
709 2989 808 3072 έχων
839 2990 971 3058 εἰπεῖν
1002 2991 1063 3058 έτι
1094 2993 1150 3058 καλ
1176 2989 1233 3058 διὰ
1259 2985 1386 3068 πολλὰς

216 3091 408 3181 προφάσεις
431 3089 574 3178 ἐχθρούς
590 3097 830 3182 γεγενημένους
847 3089 1003 3182 ἀλλήλοις
1024 3090 1144 3162 οὐδένα
1161 3089 1299 3162 πώποτ’
1318 3087 1385 3160 οὔτ’

217 3192 346 3284 ἀκήκοα
364 3189 443 3261 αἴθ’
467 3191 591 3281 ἑόρακα
612 3191 704 3272 ὅστις
726 3193 775 3272 εἰς
795 3199 954 3263 τοσοῦτον
978 3195 1142 3285 ἐλήλυθεν
1159 3193 1289 3284 ὕβρεως
1306 3193 1391 3263 ὥστε

215 3295 368 3364 τοιοῦτόν
397 3322 431 3362 τι
461 3307 583 3362 ποιεῖν.
636 3295 730 3360 Alius
759 3317 836 3362 voro
866 3299 994 3384 generis
1014 3295 1101 3364 'sunt
1130 3298 1171 3364 Is
1200 3301 1253 3381 15,
1284 3301 1329 3366 42
1358 3301 1392 3363 ot

219 3402 272 3482 16,
293 3402 350 3481 io,
378 3399 496 3484 quibus
523 3401 560 3462 ut
586 3398 698 3463 multis
723 3398 801 3464 loois
828 3399 998 3483 similibus,
1023 3423 1104 3486 quos
1130 3422 1318 3466 enumerare
1339 3400 1392 3464 hio

217 3523 283 3566 non
301 3501 428 3582 attinet,
444 3499 601 3566 transitus
618 3499 659 3564 od
676 3519 744 3564 rem
760 3521 877 3566 novom
895 3502 1032 3568 efficitur
1048 3523 1121 3568 oum
1143 3502 1393 3588 amplificatione
1522 3561 1523 3572 ,

217 3603 417 3688 oonjunoius.

303 3703 344 3769 Is.
367 3707 418 3782 11,
438 3704 481 3770 44
507 3702 665 3770 πολλῶν
691 3699 722 3770 δ’
750 3700 873 3772 ὄντων
903 3705 1051 3786 εἰπεῖν,
1075 3705 1112 3788 ἐξ
1133 3698 1179 3773 ὧν
1201 3703 1242 3772 ἀν
1262 3731 1315 3786 τις
1337 3710 1393 3774 καὶ

216 3801 274 3872 τόν
296 3803 436 3872 ἔπαινον
459 3805 515 3872 καλ
536 3799 595 3892 τήν
621 3802 806 3892 ἀπολογίαν
823 3804 1007 3896 μηκύνειεν,
1029 3803 1097 3891 ούχ
1119 3802 1285 3898 ήγούμαι
1307 3808 1392 3876 δεῖν

216 3906 499 3994 μακρολογεῖν·
524 3900 647 3992 οὐγὰρ
670 3905 736 3974 κτέ.
756 3911 865 3988 (trans.
887 3909 928 3974 od
949 3909 1041 3994 epil.)
1083 3909 1124 3976 Is
1148 3913 1202 3992 14,
1224 3913 1266 3977 63
1293 3911 1392 3976 πολ-

218 4011 292 4076 λῶν
324 4003 355 4074 δ’
388 4003 509 4074 ’όντων
541 4005 687 4090 εἰπεῖν,
718 4007 754 4090 έξ
780 4001 826 4076 ῶν
853 4045 907 4094 -,
934 4005 972 4076 oi
999 4009 1141 4097 δύναμαι
1161 4009 1273 4079 πάντα
1296 4035 1393 4100 περι-

218 4113 343 4196 λαβεῖν,
373 4104 448 4176 ἀλλ’
476 4106 542 4176 κτλ.
573 4110 671 4196 (epis).
714 4111 756 4178 Is
783 4113 901 4194 &145
931 4114 1090 4182 πολλῶν
1121 4113 1164 4180 δὲ
1195 4114 1251 4182 καὶ
1281 4115 1392 4180 καλῶν
1522 4157 1523 4160 =

218 4211 325 4300 λόγων
347 4207 513 4278 ἐνόντων
536 4215 616 4298 περὶ
634 4209 693 4300 τήν
711 4207 878 4282 ἀπόθεσιν
895 4213 1026 4304 ταύτην,
1044 4215 1120 4302 ἐμοὶ
1136 4215 1198 4300 μὲν
1216 4211 1392 4305 ἀμφότερα
