3098 4732
774 176 812 240 11

290 361 328 428 D.
350 362 402 442 54,
425 364 445 428 9
471 363 527 428 καί
553 359 596 428 τά
617 363 678 446 μὲν
702 359 786 427 ἀλλα
814 362 879 427 κα)
905 363 1162 450 βλασφημίαν
1191 358 1273 443 ’ἕχει
1298 383 1385 426 τινα

205 467 270 532 καὶ
292 460 501 549 ὀνομάζειν
524 457 729 552 ὀκνήσαιμ’
747 455 797 529 ἀν
822 461 861 530 ἐν
885 457 972 547 ύμῖν
995 462 1088 530 ἐ’νια.
1304 457 1307 470 ¹

204 637 235 717 6)
256 633 426 702 Transitus
448 635 489 700 ad
511 633 742 758 ffxpositionem
763 634 801 730 fit
822 655 883 720 per
897 633 1073 718 particulas
1091 633 1289 700 conclusivas
1306 633 1387 713 (τοί·

333 762 399 819 νυν,
421 733 469 826 δή,
492 741 566 819 ουν).

278 875 319 956 ἐ)
348 872 387 938 D.
410 876 465 956 22,
486 873 529 939 52
551 901 593 928 =
615 874 670 954 24,
694 875 764 939 163.
794 872 834 938 D.
856 875 907 953 23,
931 872 992 940 125
1026 870 1079 940 ὅτι
1107 872 1169 958 μὲν
1199 877 1311 940 τοίνυν
1342 907 1385 920 -

206 976 447 1064 παραλείψω
474 973 613 1057 (ἐάσω).
649 973 722 1060 Lym
744 975 796 1057 30,
818 977 838 1042 2
866 972 917 1041 ὅτι
943 974 1005 1058 μὲν
1026 978 1137 1042 τοίνυν
1154 1009 1206 1054 -,
1229 975 1293 1040 κα)
1320 971 1385 1040 οἶα

206 1113 256 1158 -—,
278 1079 343 1144 καί
365 1073 437 1143 ὅσα
459 1113 509 1157 -,
530 1074 632 1142 πολὺ
655 1071 700 1142 ἀν
723 1075 838 1162 ἐ’ρμον
862 1073 919 1164 εἰἠ
944 1077 1060 1160 λέγειν.

290 1179 322 1260 b)
347 1177 387 1242 Ι).
410 1181 439 1261 9,
460 1181 499 1246 21
529 1177 663 1263 ὅτιμὲν
686 1175 726 1268 δν)
754 1184 858 1264 μέγας
880 1215 921 1226 -
948 1180 1122 1257 Φίλιππος
1144 1175 1295 1268 ηὔξηται,
1321 1179 1386 1245 καὶ

206 1277 409 1360 ἀπίστως-
422 1281 534 1365 ἔχουσι
551 1278 638 1369 πρὸς
655 1278 775 1360 αὑτούς
793 1281 827 1349 ol
841 1279 1003 1372 Ἓλληνες,
1021 1285 1085 1349 καί
1103 1279 1163 1349 ὅτι
1181 1319 1221 1330 -
1240 1278 1387 1369 ποιησα-

206 1389 305 1466 σθαι,
335 1386 400 1451 καί
433 1380 543 1452 πάνθ’
572 1381 635 1451 ὅσα
661 1380 788 1451 τοιαῦτ’
817 1380 857 1450 ἀν
885 1381 993 1468 ἔχοιμι
1024 1384 1225 1466 διεξελθεῖν,
1256 1409 1387 1470 παρα·

206 1488 344 1573 λείψιυ.
375 1485 414 1551 Ι).
425 1490 454 1568 9,
465 1489 506 1554 26
522 1483 688 1554 Ὄλυνθον
705 1486 767 1570 μὲν
786 1483 826 1575 δὴ
846 1488 910 1552 καί
932 1483 1108 1575 Μεθώνην
1131 1487 1196 1552 κα)
1209 1482 1387 1552 Ἀπολλω-

206 1595 277 1655 νίαν
297 1591 361 1656 καί
379 1586 441 1662 δύο,
453 1591 509 1655 καί
522 1587 700 1675 τριάκοντα
718 1585 836 1667 πόλεις
853 1586 912 1655 ἒπί
929 1586 1063 1676 Θρᾴκης
1082 1585 1136 1669 ἀῶ,
1156 1583 1245 1666 ἀς-
1261 1589 1385 1656 εἰπεῖν·

206 1693 262 1758 καί
283 1689 322 1758 τὸ
348 1697 496 1758 Φωκίων
519 1689 622 1770 ἐ’θνος
644 1695 804 1758 τοσοῦτον
827 1692 1033 1780 ἀνῃρημένον
1057 1693 1194 1758 σιωπῶ
1215 1688 1386 1775 (Anonym.

209 1791 422 1890 (14119111,
449 1795 520 1860 149.
561 1791 703 1858 Demetr.
734 1793 773 1858 de
804 1793 880 1858 eloe.
905 1791 970 1874 ΙΠ,
1000 1794 1072 1859 318.
1115 1792 1216 1858 Arist.
1241 1790 1288 1874 Π,
1314 1794 1400 1858 481.Ι

208 1891 360 1980 Hermog.
386 1893 433 1976 ΙΙ,
459 1897 531 1976 314,
561 1897 618 1980 qui
643 1896 675 1960 h.
695 1896 717 1960 1.
740 1900 778 1960 ut
805 1894 989 1974 ἐπιεικείας
1011 1895 1192 1980 exemplum
1214 1895 1320 1976 σῶμα
1346 1891 1386 1958 cf.

207 1993 386 2061 Rehdantz.
417 1997 457 2061 ad
485 1998 523 2078 l.).
565 1995 605 2061 D.
632 2000 683 2079 23,
710 1999 771 2064 148
802 1994 866 2064 ὅσα
895 1997 957 2081 μὲν
984 1995 1024 2085 δὴ
1052 2033 1108 2079 -,
1134 1993 1325 2085 ούτίθημι
1351 1994 1409 2088 ε’ν,

209 2092 413 2186 ἀδικήματος
443 2104 552 2186 μ’ἑρει,
593 2095 674 2166 οὐδ’
707 2097 768 2166 ὅτι
798 2137 857 2182 -,
893 2095 970 2166 ἀλλ’
1008 2099 1058 2168 ἀῶ
1090 2104 1202 2166 ταῦτα.
1256 2096 1312 2166 διά
1341 2104 1388 2197 τί,

208 2198 260 2266 δτι
279 2237 333 2280 -,
361 2197 441 2269 ὥστ’
466 2199 504 2268 ού
526 2200 615 2269 πάνυ
642 2198 734 2269 ταῦτ’
764 2198 1063 2289 ἀκριβολογεῖσθαι
1089 2203 1143 2269 δεῖ
1167 2199 1224 2268 τὸν
1251 2202 1387 2280 δικαίως

209 2301 403 2383 ἐξετάζοντα
433 2302 621 2386 (ἐπιείκεια,
652 2304 715 2370 vid.
737 2303 866 2370 Weber.
895 2327 927 2390 p.
948 2306 1025 2388 4343
1056 2305 1095 2370 de
1121 2305 1219 2370 verbo
1252 2299 1388 2391 ἀκριβο-

209 2406 387 2490 λογεῖσθαι
412 2405 452 2470 cf.
473 2404 589 2471 Aesch.
607 2410 635 2487 1,
657 2409 715 2489 40).
751 2405 791 2471 D.
814 2409 949 2490 21„103
971 2405 1022 2472 ὅτι
1043 2403 1168 2494 μὲνδὴ
1191 2399 1387 2486 λιποταξίου

208 2503 340 2596 γραφὴν
363 2505 584 2574 κατεσκεύασε
607 2504 681 2574 κατ’
706 2506 788 2592 ἐμοῦ
810 2511 875 2574 καὶ
898 2545 938 2572 ,-
962 2507 1178 2591 ἐμισθώσατο
1207 2543 1247 2555 -
1276 2505 1387 2574 ἀύσω.

209 2612 265 2676 καί
290 2610 353 2695 γὰρ
382 2605 451 2675 οὔτ’
481 2645 523 2658 -
549 2605 627 2674 οὔθ’
656 2646 707 2672 -.
750 2605 825 2675 ἀλλ’
860 2607 909 2676 ἐῶ
941 2614 1056 2676 τοῦτο·
1089 2605 1147 2696 ἐφ’
1179 2601 1200 2695 ᾗ
1231 2607 1293 2697 γὰρ
1326 2609 1383 2676 κτὲ

208 2710 318 2788 (Arist.
334 2710 381 2792 ΙΙ,
398 2714 478 2791 481).
523 2710 561 2774 D.
584 2714 635 2791 21,
658 2714 720 2778 129
746 2708 858 2777 πάντα
885 2711 946 2795 μὲν
975 2710 1015 2800 δὴ
1038 2708 1080 2778 τά
1101 2709 1208 2799 τούτῳ
1232 2735 1388 2800 πεπραμ-

208 2817 294 2896 μένα
320 2806 399 2878 οὔτ’
434 2807 477 2878 ἀν
504 2810 578 2898 ἐγὼ
610 2813 800 2902 δυναίμην
830 2811 930 2901 πρὸς
954 2807 1053 2898 ἀμᾶς
1080 2813 1211 2881 εἰπεῖν
1239 2810 1317 2881 ούτ)
1342 2809 1387 2881 ἀν
1438 2879 1440 2883 ,

209 2909 322 2999 ὑμεῖς
342 2907 593 2998 ὑπομείναιτ’
623 2911 793 2998 ἀκούειν,
823 2911 919 2998 οὔδ’,
950 2915 986 2983 εἰ
1015 2912 1057 2983 τὸ
1089 2912 1180 3004 παρ’
1210 2913 1387 3005 ἀμφοτέ-

209 3021 285 3103 ρων
317 3010 422 3103 ἡμῶν
457 3015 559 3105 ὕδωρ
590 3012 779 3107 δπάρξειε
810 3015 911 3106 πρὸς
940 3015 983 3086 τὸ
1011 3016 1151 3088 λοιπὸν
1178 3017 1256 3087 πᾶν
1282 3017 1326 3085 τό
1352 3017 1383 3085 τ’

210 3117 302 3203 ἀμὸν
334 3122 398 3186 καὶ
427 3115 470 3186 τδ
501 3119 642 3188 τούτου
678 3125 920 3208 προστεθέν,
955 3118 1023 3190 ούκ
1058 3117 1104 3188 ἀν
1136 3120 1387 3209 ἐξαρκέσειεν

209 3220 318 3300 (Arist.
339 3221 382 3303 11,
403 3225 483 3304 εει).
1209 3281 1211 3285 ,

296 3327 322 3405 ο)
346 3323 386 3388 D.
408 3327 460 3406 20,
481 3326 523 3392 52
549 3322 675 3410 τὰμὲν
698 3327 754 3392 οὐν
778 3320 851 3392 ἀλλ’
876 3322 940 3392 ὅσα
962 3361 1012 3407 -,
1035 3322 1146 3402 ἐάσω.
1188 3325 1301 3408 Ι).24,
1325 3329 1387 3392 133

209 3421 373 3509 τοάςμδν
401 3417 459 3493 οὖν
481 3425 548 3515 πρὸ
571 3423 751 3495 Εὐκλείδου
779 3424 938 3514 ἀρχοντος
964 3425 1054 3494 ἒάσω
1077 3425 1232 3505 καὶτοὺς
1254 3425 1387 3515 σφόδρα

130 3531 134 3542 ’
211 3525 399 3620 παλαιούς
429 3534 539 3596 καίτοι
560 3528 627 3596 κτὲ.
647 3529 697 3611 (de
720 3529 891 3596 enunciato
912 3549 970 3614 per
995 3532 1078 3614 part.
1100 3534 1209 3595 καίτοι
1229 3529 1387 3613 praeteri·

210 3629 293 3693 tioni
310 3629 421 3696 addito
438 3631 477 3696 of.
494 3631 534 3695 D.
548 3633 597 3712 18,
616 3633 665 3699 70.
687 3631 849 3713 Aesoh.·3‚
866 3632 926 3713 53)
961 3629 1000 3696 Ι).
1019 3633 1069 3712 18,
1086 3633 1128 3698 60
1146 3627 1168 3698 ἀ
1184 3631 1245 3715 μὲν
1265 3624 1321 3700 οὖν
1337 3667 1387 3711 -,

211 3728 319 3798 ίάσω·
350 3727 445 3798 οάδὲν
466 3730 528 3821 μάρ
556 3728 698 3822 ἡγοῦμαι
723 3731 849 3801 τούτων
872 3729 958 3802 εἶναι
984 3731 1070 3821 πρὸς
1097 3732 1166 3818 ἐμέ.
1209 3733 1248 3797 Ι).
1276 3733 1386 3815 21,15

209 3831 274 3901 ὅσα
294 3833 357 3918 μὲν
379 3823 436 3900 οὗν
462 3871 512 3915 -,
534 3831 556 3924 τ’)
577 3831 667 3924 ’,ἢ
688 3826 794 3903 τάλλα
815 3831 926 3902 πάνθ)
950 3832 1013 3902 ὅσοι
1034 3840 1184 3918 τοιαῦτα,
1207 3834 1314 3904 ἐάσω·
1348 3831 1387 3901 ού

209 3932 272 4024 γὰρ
296 3930 405 4021 ἀγνοῶ
428 3935 492 4002 κτὲ.
514 3936 676 4024 (Hermog.
698 3937 742 4021 II,
761 3941 834 4005 431.
865 3936 963 4004 Arist.
985 3937 1027 4020 H,
1048 3940 1129 4020 481).

295 4037 334 4102 D.
356 4041 407 4120 22,
431 4041 472 4105 70
503 4037 546 4106 τὰ
574 4041 636 4125 μὲν
667 4031 725 4108 σύν
756 4036 856 4107 πόλλ’
890 4032 936 4106 ῶν
963 4041 1067 4125 λέμου
1093 4035 1179 4125 ὑμᾶς
1210 4037 1385 4126 ἐφενάκιζε

211 4141 462 4228 παραλείψω.
504 4141 546 4206 Ie.
567 4145 598 4225 4,
619 4141 662 4209 54
683 4142 743 4222 τὰς
764 4143 825 4226 μὲν
848 4132 906 4209 οὖν
927 4141 1090 4224 (ἱκετείας)
1112 4139 1270 4232 ἢνεωστί
1291 4165 1384 4227 μεμε-

211 4247 354 4330 νημίνος
379 4238 401 4331 ἢ
426 4245 507 4329 περ)
532 4249 659 4333 μικρῶν
682 4242 849 4323 ἐλθούσας
875 4245 1090 4333 παραλείψω.
1133 4244 1174 4312 Is.
1198 4247 1251 4326 15,
1274 4247 1336 4310 194
1362 4239 1384 4309 ἀ
