3098 4732
695 192 846 289 AL

58 405 64 413 ·
179 379 296 444 Aeseh.
316 384 344 460 1,
362 383 403 447 39
419 379 481 459 (hie
498 400 570 442 eum
592 333 776 442 euenerat.
795 379 962 460 junctum),
982 377 1153 441 futurum
1175 375 1249 441 Din.
1268 379 1296 457 1,
1314 377 1354 442 31

177 481 226 560 (111
251 481 420 566 parenth.);
447 483 614 565 praeterea
640 478 678 544 ef.
702 479 739 544 D.
765 481 814 559 18,
837 481 878 545 69
905 482 937 543 et
961 481 1010 559 19,
1033 481 1094 545 288
1116 477 1237 556 (πάντα
1258 467 1353 544 τᾶλλ’

179 585 291 670 ἀφείς)
320 583 390 648 0011.
417 581 457 648 Is.
480 585 513 664 9,
539 583 581 648 66
610 578 697 664 (τοίς
727 579 858 666 μίθους
890 576 1049 668 ἀφέντες).
1100 579 1192 655 Quod
1223 581 1363 645 tertium

179 685 275 768 posui
305 690 504 772 παριέναι,
535 684 604 768 ejus
635 683 808 748 futurum
839 685 945 748 exstet
976 681 1125 766 Lys.12,
1151 669 1288 760 4331,
1314 681 1357 748 20

179 788 236 879 (ibi
256 809 330 852 eum
351 809 463 852 enune.
483 787 540 851 rel.
557 787 725 870 junctum).
768 785 883 851 Aeseh.
903 789 930 867 1,
950 787 1020 852 106.
1042 785 1150 868 1).24,
1169 789 1240 852 194.
1273 785 1357 850 Item

179 887 316 954 futuro
338 890 428 955 verbi
449 884 708 976 ὑπερβαίνειν
731 889 835 954 utitur
853 887 1028 954 Aeschines
1049 891 1076 969 1,
1093 891 1143 954 40.
1166 891 1195 970 3,
1211 889 1280 954 118.
1294 889 1357 954 213

183 990 353 1056 Praeterea
375 991 439 1056 vid.
461 985 886 1075 1100011.1,110(ὖπερβὰς
908 1026 948 1037 -
967 987 1224 1080 μνησθήσομαι).
1259 987 1357 1075 Gorg.

181 1091 254 1157 Hel.
275 1094 295 1159 5
317 1079 477 1180 (ὑπερβὰς
500 1129 540 1139 -
563 1091 797 1181 προβήσομαι).
836 1092 878 1158 Is.
897 1093 946 1173 15,
968 1095 1031 1159 320
1052 1087 1210 1179 (ὑπερβὰς
1232 1128 1282 1172 -,
1302 1117 1358 1175 μι-

182 1199 270 1284 κρῶν
293 1195 343 1262 ’ἑτι
364 1192 453 1282 πάνυ
475 1197 641 1284 μνησθεὶς
663 1191 723 1284 ἤδη
744 1192 918 1262 καταλύσω
937 1191 993 1260 τὸν
1012 1191 1119 1280 λόγον)
1137 1194 1208 1258 0011.
1225 1191 1264 1256 1).
1274 1193 1305 1276 4,
1315 1192 1356 1260 38

178 1302 213 1363 et
236 1301 265 1382 8,
288 1297 441 1364 1.-1).
463 1300 494 1379 4,
516 1300 556 1364 38
580 1302 613 1363 et
635 1297 732 1383 Gorg.
754 1295 825 1362 Hel.
845 1297 866 1362 5
894 1300 1027 1382 propter
1049 1295 1283 1380 oppositionem
1309 1299 1356 1381 τῷ

166 1398 268 1485 ’λόγῳ
293 1401 438 1466 additum
460 1404 517 1465 est.
561 1389 661 1464 Verhi
683 1400 949 1485 παραλείπειν
971 1401 1144 1482 utrumque
1167 1400 1302 1480 tempus,
1324 1397 1357 1460 et

179 1521 360 1585 praesens
391 1505 424 1567 et
454 1500 640 1582 futurum,
666 1485 843 1582 invenitur,
866 1503 963 1584 atque
989 1500 1070 1564 illud
1092 1499 1220 1583 quidem
1242 1497 1357 1562 Aesch.

181 1605 210 1683 3,
232 1605 304 1670 237.
331 1601 369 1668 D.
394 1607 421 1683 1,
445 1606 485 1669 13
507 1603 642 1686 aliisque
664 1601 805 1684 ejusdem
827 1601 964 1667 oraturis
986 1602 1076 1682 loeis,
1103 1601 1163 1666 hoe
1186 1603 1294 1665 autem
1316 1599 1357 1664 Is.

171 1707 210 1783 -4,
232 1705 282 1770 54.
305 1707 334 1786 5,
357 1707 407 1770 22.
430 1707 459 1782 8,
481 1707 531 1770 81.
553 1703 592 1767 Ι).
613 1695 691 1784 2,'3.
714 1706 743 1784 9,
765 1706 804 1768 21
829 1723 985 1788 saepeque
1007 1703 1084 1767 alibi
1106 1701 1191 1787 apud
1213 1702 1356 1766 eundem.

180 1805 350 1871 Praeterea
377 1804 416 1870 cf.
437 1803 478 1870 Is.
503 1807 552 1887 12,
576 1807 636 1871 192
662 1804 875 1892 (παραλιπών
899 1841 938 1852 -
962 1803 1169 1890 πειράσομαι
1191 1803 1357 1892 δηλῶσαι).

181 1906 221 1971 D.
241 1910 290 1987 18,
308 1908 379 1973 215.
400 1906 458 1987 (1).)
476 1908 526 1987 44,
544 1908 586 1972 34
606 1905 670 1987 (ίνα
693 1909 914 1994 παραλείπω).
948 1905 989 1972 ls.
1009 1910 1058 1988 14,
1075 1906 1126 1988 50,
1148 1905 1203 1970 ubi
1225 1908 1356 1990 propter

179 2010 279 2074 verba
306 2009 453 2093 opposite
480 2010 544 2073 dat.
566 2013 613 2094 τῷ
641 2006 728 2095 λόγῳ
752 2009 880 2073 additus
903 2012 960 2074 est.
1003 2007 1052 2073 De
1073 2031 1107 2073 re
1128 2007 1355 2094 praetermissa

180 2109 357 2194 perfectum
384 2112 623 2198 παραλέλοιπα
649 2111 804 2196 seriptum
826 2115 875 2176 est
897 2111 936 2175 D.
959 2114 1010 2192 21,
1032 2113 1104 2193 131,
1130 2131 1203 2175 eum
1224 2107 1356 2192 reliquis

180 2213 277 2295 hujus
304 2213 431 2298 generis
457 2214 535 2278 loeis
561 2235 621 2298 pro
643 2211 785 2298 perfeeto
807 2235 957 2297 praesens
980 2217 1154 2298 usurpetur
1179 2213 1251 2296 (vid.
1273 2214 1356 2298 part.
1380 2243 1382 2252 ⁴

181 2335 229 2397 pr.
256 2313 294 2393 V,
320 2317 357 2392 5).
410 2315 560 2400 Iungitur
591 2315 653 2380 hot
682 2317 815 2380 verbum
845 2337 918 2380 eum
950 2335 1062 2380 enune.
1092 2316 1147 2380 rel.
1178 2316 1218 2380 Is.
1245 2315 1278 2394 5,
1305 2315 1356 2379 22.

183 2416 232 2498 15,
256 2419 326 2497 194,
347 2435 420 2482 eum
442 2417 554 2501 partie.
577 2414 628 2483 ὅτι
649 2416 688 2481 1).
711 2421 740 2498 9,
762 2421 812 2483 21.
841 2422 890 2499 19,
914 2421 983 2484 182.
1010 2421 1060 2497 22,
1082 2418 1132 2484 52.
1175 2415 1275 2481 Verbi
1297 2413 1355 2481 ίᾶν

176 2522 213 2583 et
243 2540 424 2602 praesens
454 2523 487 2583 et
517 2517 689 2583 futurum
719 2523 786 2583 tam
817 2539 910 2603 saepe
941 2519 1113 2600 invenitur,
1144 2521 1181 2582 ut
1208 2518 1354 2602 exempla

181 2622 297 2686 afferre
315 2643 586 2704 supervacaneum
609 2622 664 2703 sit,
685 2621 746 2685 hoe
768 2643 869 2684 unum
892 2641 1113 2700 commemoro,
1134 2641 1285 2704 praesens
1307 2619 1355 2682 le-

180 2721 332 2809 gitimum
363 2717 430 2786 esse
459 2723 495 2787 in
526 2721 717 2806 parenthesi.
770 2719 989 2808 Oonjungitur
1022 2722 1090 2808 110οΫ
1112 2721 1246 2787 verbum
1281 2741 1354 2784 eum

179 2845 291 2889 enune.
313 2824 369 2888 rel.
392 2823 430 2888 D.
455 2827 508 2904 18,
534 2827 678 2890 00131.
709 2827 759 2906 21,
783 2825 832 2905 15,
863 2847 935 2890 eum
961 2825 1072 2910 partie.
1104 2822 1167 2891 ὅτι
1185 2823 1224 2888 D.
1247 2825 1302 2904 20,
1324 2825 1353 2892 2.

176 2929 228 2993 09.
255 2929 305 3005 21,
330 2925 399 2991 103.
427 2927 571 3007 23125.
599 2961 638 2973 -
666 2924 770 3003 Semel
796 2947 900 3012 neque
927 2928 961 2991 in
987 2926 1226 3012 praeteritionis
1248 2927 1354 3013 figura

175 3051 254 3093 usus
281 3032 330 3092 est
358 3027 590 3094 Demosthenes
617 3028 736 3093 aoristo
764 3030 943 3118 παρῆλθον
968 3032 1017 3110 19,
1039 3032 1116 3111 234,
1146 3029 1186 3094 ad
1212 3027 1354 3118 queml.

174 3129 216 3194 ef.
238 3128 379 3194 Voemel.

263 3231 421 3298 Infinitivi
439 3231 555 3296 horum
572 3231 742 3297 verborum
759 3254 798 3298 ex
813 3233 883 3298 aliis
899 3233 1004 3298 verbis
1018 3233 1165 3318 suspensi
1182 3232 1353 3297 inveniun-

175 3334 304 3400 turbis
326 3335 418 3400 loeis:
442 3331 525 3398 Plat.
546 3331 672 3398 Menex.
694 3337 788 3400 2390
811 3335 904 3401 δοκεῖ
924 3359 984 3418 μοι
1010 3335 1076 3402 ἐᾶν.
1119 3333 1233 3399 Aeseh.
1255 3337 1288 3416 3,
1310 3334 1352 3400 53

177 3435 266 3500 δοκῶ
294 3460 353 3519 μοι
377 3430 635 3524 ὑπερβήσεσθαι
659 3437 708 3516 (de
733 3442 852 3502 constr.
877 3437 916 3502 ef.
937 3436 996 3519 (D.)
1017 3440 1067 3518 61,
1088 3439 1130 3503 33
1157 3434 1352 3503 καταλύσειν

176 3561 237 3619 μοι
259 3537 347 3603 δοκῶ
369 3527 426 3604 τὸν
450 3537 607 3620 ἐ’παινον).
651 3537 691 3603 Is.
714 3541 744 3619 9,
765 3541 815 3606 21.
839 3543 887 3621 10,
910 3542 960 3607 29.
981 3538 1038 3621 (1).)
1062 3542 1110 3621 12,
1134 3541 1171 3605 11
1196 3538 1353 3626 αἱροῦμαι

175 3639 431 3726 (προαιροῦμαι)
461 3641 678 3726 παραλιπεῖν.
731 3639 798 3722 (1).)
829 3644 883 3723 40,
914 3645 955 3708 38
987 3638 1212 3727 ἀναγκάζομαι
1242 3665 1353 3728 παρα-

177 3741 298 3806 λιπεῖν.

263 3841 326 3907 Pro
348 3841 458 3908 futuro
480 3845 570 3910 verbi
591 3847 818 3930 praetereundi
840 3841 879 3912 οὐ
900 3847 984 3928 λέξω
1007 3847 1163 3931 seriptum
1186 3849 1234 3909 est
1253 3841 1352 3930 Gorg.

176 3943 247 4010 Ηο1.
266 3946 287 4011 5
310 3947 342 4011 et
364 3946 556 4029 peculiarem
577 3949 618 4012 ob
636 3969 764 4013 eausam
787 3943 846 4014 οὐκ
870 3946 1075 4037 ἐπερωτήσω
1097 3947 1137 4011 D.
1153 3948 1202 4027 18,
1215 3948 1266 4027 88,
1288 3967 1351 4031 quo

176 4067 249 4110 cum
275 4048 296 4113 1.
322 4046 361 4112 ef.
384 4045 423 4111 D.
447 4049 496 4127 18,
518 4050 559 4114 69
586 4045 719 4129 οὐδενὸς
744 4049 870 4117 τούτων
895 4057 1067 4140 μέμνημαι
1088 4054 1121 4115 et
1144 4043 1214 4116 οὐδ’
1239 4047 1271 4114 εί
1297 4053 1351 4135 μέ-

173 4171 271 4232 μονεν
296 4143 380 4216 οἶδα.

262 4249 377 4316 Verbis
399 4249 637 4336 praetereundi,
658 4275 739 4337 quae
761 4254 871 4337 attuli,
893 4254 1136 4340 subjungendas
1158 4255 1235 4318 sunt
1256 4254 1351 4317 nota·
