3098 4732
747 139 790 206 20

690 224 842 238 *un—-

182 327 390 420 ἐγγίνηται
420 332 472 416 τῷ
503 326 623 415 λόγῳ·
659 321 681 394 ἃ
708 320 738 392 δ’
758 359 814 408 ···,
839 329 942 392 ταῦτα
965 323 1033 392 ἐπὶ
1056 325 1284 413 κεφαλαίων
1307 322 1359 390 εί·

182 445 261 499 πεῖν
283 428 488 518 πειράσομαι
509 431 638 516 (praec.)

267 533 307 600 Is.
337 535 390 609 18,
418 534 460 600 58
491 528 577 600 ἀλλὰ
607 527 669 620 γαρ
691 529 906 615 Καλλιμάχου
940 531 1002 614 μὲν
1034 528 1164 612 ἐξέσται
1193 525 1360 606 πολλάκις

183 647 389 724 κατηγορεῖν,
416 632 502 702 οὕτω
525 630 587 722 γὰρ
607 671 647 682 -
669 633 860 716 (revocatio),
886 634 968 721 περὶ
994 628 1026 698 δ’
1052 631 1194 715 ἐμαυτοῦ
1214 629 1274 709 τὰς
1294 627 1359 714 μὲν

184 736 287 816 ι’ίλλας
317 733 431 816 πάσας
461 738 706 826 παραλείψω
739 736 957 822 λειτουργίας,
991 726 1030 823 ἧς
1065 731 1096 800 δ’
1129 732 1195 800 ντί.
1235 729 1275 796 D.
1308 733 1360 811 18,

182 841 246 908 268
276 838 310 906 ἐν
331 839 393 923 μέν
414 819 525 908 τοίνυν
546 851 618 918 τοῖς
640 835 726 926 πρὸς
746 836 806 927 τὴν
828 835 927 904 πόλιν
948 841 1098 916 τοιοῦτος
1123 826 1172 926 (ἦν
1200 833 1290 923 δγῶλ·
1321 831 1358 900 ἐν

182 941 219 1008 δὲ
242 953 314 1020 τοῖς
342 940 441 1020 ἰδίοις
467 940 499 1008 εί
525 936 571 1028 μὴ
599 938 724 1018 πάντες
744 933 820 1006 ἐσθ’
845 936 896 1006 δτι
917 935 1028 1018 κοινὸς
1045 973 1102 1022 ···,
1133 942 1269 1005 σιωπῶ
1301 937 1358 1002 καί

183 1040 279 1114 οὐδὲν
312 1037 351 1110 ἂν
383 1041 525 1126 ε’ίποιμι,
561 1038 637 1109 οὐδὲ
667 1045 902 1129 παρασχοίμην
933 1041 1014 1127 περὶ
1043 1038 1168 1108 τούτων
1200 1036 1360 1124 οὐδεμίαν

181 1149 380 1232 μαρτυρίαν,
411 1140 488 1212 οὔτ’
523 1142 561 1210 εί
587 1167 696 1222 τινας
722 1179 778 1224 -,
812 1137 892 1210 οὔτ’
926 1142 963 1210 εί
992 1166 1072 1209 τισι
1098 1179 1148 1224 -,
1175 1140 1262 1210 σίτε
1289 1147 1359 1208 τῶν

184 1245 346 1314 τοιούτων
378 1241 484 1313 οὐδέν.
527 1247 585 1312 καὶ
614 1242 677 1333 γὰρ
703 1281 754 1308 ···
798 1243 836 1311 οὗ
867 1240 907 1336 δὴ
938 1243 1071 1333 ποιήσω
1102 1242 1229 1312 τούτων
1260 1240 1360 1312 οὗδέν

182 1337 248 1417 κτέ.
269 1346 459 1431 (ἐπιείκεια,
480 1348 519 1413 τί.
541 1347 693 1434 Hermog.
713 1346 757 1429 Π,
777 1369 807 1431 p.
829 1349 889 1413 431
916 1350 948 1412 et
969 1369 1000 1432 p.
1021 1349 1094 1413 374.
1136 1346 1296 1432 Anonym.
1319 1347 1362 1412 δε

181 1452 236 1538 fig.
258 1451 451 1536 111,p.149
473 1447 631 1536 Spengel.)
673 1448 712 1514 D.
734 1451 785 1528 20,
808 1451 848 1514 13
869 1444 907 1514 τὸ
928 1449 990 1532 μὲν
1011 1453 1122 1515 τοίνυν
1142 1453 1202 1537 τῆς
1224 1447 1361 1528 πόλεως

183 1544 335 1641 ἦθος-
358 1555 414 1620 καί
437 1549 489 1622 ἐπ’
515 1550 624 1620 ἄλλων
646 1552 783 1620 πολλῶν
804 1552 862 1617 καὶ
888 1547 939 1639 ἐφ’
965 1541 1010 1616 ῶν
1033 1545 1132 1617 είπον
1153 1549 1221 1618 ’ίδσι
1245 1575 1297 1631 τις
1318 1547 1360 1618 διν

182 1659 348 1738 τοιοῦτον,
378 1650 526 1740 ἀψευδὲς
556 1655 613 1720 καὶ
631 1651 774 1742 χρηστόν
790 1673 844 1700 -·
872 1650 911 1718 τὸ
933 1651 971 1718 δὲ
991 1657 1051 1720 τοῦ
1076 1657 1199 1732 θέντος
1219 1651 1278 1720 τὸν
1304 1651 1362 1720 νό·

182 1783 246 1843 μον
268 1751 393 1842 τὰμὲν
416 1751 489 1823 ἄλλ’
513 1752 611 1842 ἔγωγ’
636 1751 707 1822 οὐκ
728 1749 834 1835 οἶδα,
862 1749 952 1821 οὐδὲ
975 1755 1073 1841 λέγω
1097 1757 1272 1844 φλαῦρον
1294 1752 1361 1822 οὐ·

184 1860 249 1928 δέν
276 1854 369 1928 οδδέ
397 1855 570 1940 σύνοιδα,
602 1855 639 1926 ἐκ
666 1857 704 1924 δέ
729 1861 789 1924 τοῦ
814 1854 916 1941 νόμου
944 1861 1080 1924 σκοπῶν
1108 1853 1249 1944 εὑρίσκω
1271 1854 1363 1924 πολὺ

188 1959 307 2030 τούτου
331 1965 573 2047 κεχωρισμένον
594 1957 779 2040 (ἐπιείκεια,
809 1964 845 2023 ολ
867 1957 1019 2045 Hermog.
1041 1959 1083 2041 Π,
1104 1983 1134 2045 p.
1152 1963 1224 2028 372.
1268 1960 1358 2026 Ano-

184 2087 270 2151 nym.
292 2064 332 2129 de
354 2063 408 2150 fig.
429 2061 489 2142 ΠΙ,
510 2084 541 2147 p.
560 2063 621 2128 148
643 2059 809 2146 Spengel.)
852 2059 894 2125 Is.
912 2062 942 2143 5,
964 2063 1005 2128 83
1027 2065 1108 2151 περὶ
1129 2063 1190 2146 μὲν
1212 2053 1270 2130 οὖν
1291 2069 1362 2130 τῶν

185 2167 276 2252 ἐμῶν
304 2165 420 2232 καλ-
438 2160 554 2248 σχεδὸν
582 2159 741 2252 ἀκήκοας,
771 2164 852 2250 περί
878 2161 915 2228 δέ
940 2166 999 2252 τῆς
1026 2169 1263 2252 στρατείας-
1284 2177 1362 2244 ταῖς

183 2269 245 2356 μέν
272 2261 411 2334 πόλεσιν
438 2302 478 2314 -
505 2263 595 2334 τότε
626 2263 926 2350 συμβουλεύσομεν,
957 2259 1003 2346 ῶς
1029 2303 1085 2350 -,-,
1115 2264 1206 2334 ὅταν
1232 2267 1359 2352 ἰ’δωμεν

184 2365 285 2450 αὐτὰς
315 2363 534 2454 ὁμονοούσας,
564 2365 651 2454 πρὸς
682 2367 720 2435 σέ
752 2367 789 2434 δὲ
821 2371 885 2432 νῦν
917 2365 1104 2455 ποιήσομαι
1134 2367 1210 2450 τοὺς
1241 2368 1362 2455 λόγους

183 2472 323 2556 (dilatio).
357 2470 469 2552 Is.12,
490 2473 532 2537 33
554 2472 635 2558 περὶ
655 2469 717 2554 μίν
740 2458 797 2536 οὖν
817 2473 884 2536 τῶν
907 2469 1188 2554 πεπαιδευμένων
1209 2469 1357 2558 τυγχάνω

183 2579 287 2641 ταῦτα
308 2569 515 2662 γιγνώσκων·
538 2574 619 2662 περὶ
641 2571 678 2640 δέ
700 2576 760 2662 τῆς
776 2567 921 2660 Ὁμήρου
944 2574 1000 2640 καί
1018 2607 1058 2620 -
1080 2571 1266 2659 ἐπιθυμῶ
1287 2573 1360 2658 μὲν

185 2676 317 2744 εἰπεῖν
334 2713 387 2760 -,
414 2671 662 2760 αἰσθάνομαι
688 2670 718 2740 δ
744 2669 911 2760 ἐμαυτὸν
939 2673 1012 2756 ἐξω
1044 2673 1264 2764 φερόμενον
1290 2679 1362 2765 τῆς

184 2783 425 2868 συμμετρίας
463 2781 532 2866 τῆς
574 2769 890 2866 συντέταγμένης
928 2789 1012 2856 τοῖς
1048 2783 1278 2866 προοιμίοις
1308 2813 1360 2842 -.

184 2883 265 2970 περὶ
294 2879 356 2965 μέν
388 2871 454 2947 οὖν
483 2883 550 2946 τῶν
578 2883 728 2966 ποιητῶν
759 2869 877 2957 αὖθις
909 2876 1047 2967 ἐροῦμεν
1069 2917 1123 2962 -,
1154 2883 1234 2968 περὶ
1261 2881 1354 2948 δέ·-

186 2981 208 3072 ᾔ
213 2981 257 3072 δη
285 2979 472 3070 ποιήσομαι
497 2975 575 3060 τοὺς
602 2978 719 3066 λόγους
748 2980 888 3062 (dilatio).
930 2979 1022 3060 (Plat.
1045 2979 1171 3048 Menex.
1198 2985 1286 3050 2412
1314 2981 1358 3048 τὰ

182 3085 245 3170 μὲν
264 3073 321 3152 οὖν
344 3079 496 3172 ἀριστεῖα
516 3087 565 3172 τῷ
588 3079 675 3170 λα’γιμ
698 3080 837 3162 ἐκείνοις
856 3077 1050 3164 ἀναθετέον,
1071 3082 1114 3152 τὰ
1132 3081 1169 3152 δὲ
1186 3083 1357 3172 δευτερεῖα

182 3200 254 3266 τοῖς
272 3187 353 3274 περί
371 3186 544 3270 Σαλαμῖνα
566 3185 623 3254 καί
645 3179 703 3252 ἐπ’
722 3179 922 3272 Ἀρτεμισίῳ
943 3185 1172 3275 ναυμαχήσασι
1194 3189 1250 3254 καί
1267 3183 1362 3276 νική-

187 3313 272 3358 σασι
316 3290 373 3356 καί
398 3283 461 3376 γὰρ
488 3285 616 3354 τούτων
637 3289 704 3353 τῶν
727 3282 856 3374 ἀνδρῶν
878 3283 1007 3354 πολλὰ
1032 3283 1102 3372 μὲν
1125 3286 1170 3355 δν
1195 3313 1254 3368 τις
1275 3288 1361 3372 ἔχοι

184 3391 350 3472 διελθεῖν,
370 3391 437 3456 καί
460 3387 524 3457 ola
542 3425 596 3470 -‚
622 3390 686 3456 καί
709 3381 760 3468 ὦς
776 3410 835 3436 -·
858 3383 876 3455 ὃ
895 3389 933 3456 δέ
949 3413 1009 3473 μοι
1030 3390 1124 3458 δοκεῖ
1145 3393 1201 3458 καί
1223 3389 1364 3460 ἐκείνων

183 3489 360 3558 κάλλιστον
383 3486 483 3574 είναι,
504 3489 623 3558 τούτου
645 3487 898 3580 μνησθήσομαι,
920 3487 972 3558 ὅτι
994 3489 1069 3576 κτί.)

269 3593 397 3660 Addere
418 3591 471 3660 hio
493 3591 589 3660 liceat
611 3593 674 3660 duo
696 3591 872 3660 clarissima
894 3593 1074 3660 omissionis
1095 3595 1254 3680 exempla,
1279 3617 1362 3681 quo-

184 3717 258 3762 rum
280 3693 418 3762 alterum
441 3699 490 3762 εεί
512 3693 627 3762 Αοεολ,
648 3697 679 3776 3,
699 3697 738 3762 51
763 3717 842 3780 sqq„
863 3695 1000 3760 alterum
1021 3694 1060 3760 D.
1084 3698 1133 3778 18,
1154 3699 1206 3764 69.
1247 3695 1364 3784 Atque

184 3795 360 3864 Aeschines
390 3795 521 3883 quidem
556 3801 778 3883 transgressus
813 3797 854 3862 ad
884 3796 1015 3864 tertiam
1048 3797 1203 3864 orationis
1232 3803 1359 3884 partem

183 3897 312 3964 sibimet
334 3897 618 3964 demonstrandum
644 3899 691 3965 ait
718 3897 846 3965 laudem
867 3896 1078 3970 Demostheni
1103 3921 1123 3966 a
1148 3899 1360 3988 Ctesiphonte

182 3999 340 4066 tributam
370 3999 477 4066 fictam
509 4021 576 4066 esse
607 4005 640 4067 et
671 4000 872 4082 εαιευίίλεια,
902 4001 1085 4070 adversario
1111 4007 1218 4068 autem
1244 4007 1360 4070 eontra

185 4101 365 4184 dicendum,
382 4101 544 4186 judicibus
563 4099 711 4190 denique,
732 4105 804 4169 uter
823 4101 948 4168 veriora
965 4101 1091 4186 dixerit,
1112 4103 1362 4188 dijudicandum.

184 4199 306 4280 Quibus
329 4203 492 4290 expositis,
512 4209 686 4290 antequam
707 4205 852 4292 publicas
873 4203 1099 4274 Demosthenis
1120 4206 1261 4274 actione·
1282 4229 1362 4272 ειε-
