3098 4732
259 1470 325 1567 De
356 1499 651 1584 praeteritionis
677 1499 784 1592 figura
811 1501 845 1562 et
871 1497 986 1562 Graeoi
1012 1501 1045 1562 et
1071 1471 1181 1564 Latini
1203 1475 1353 1564 ‘rhetores

177 1605 404 1686 exposuerunt.
447 1601 496 1666 Aa
514 1600 708 1665 Graecorum.
730 1599 867 1684 quidem,
881 1599 945 1684 σαὶ
963 1621 1045 1684 quae
1067 1600 1108 1665 ad
1130 1601 1354 1666 illustrandam

177 1705 316 1789 figuram
347 1704 492 1784 exempla
522 1703 728 1788 protulerunt
759 1723 860 1786 paene
890 1702 999 1768 omnia
1029 1703 1215 1786 petiverunt
1242 1726 1261 1766 a
1287 1701 1353 1793 De-

177 1806 356 1886 mosthene,
372 1805 495 1890 primus
513 1805 727 1870 nominandus
745 1809 794 1870 est
811 1803 1041 1890 Hermogenes,
1063 1805 1120 1888 qui
1135 1804 1227 1884 (rhet.
1245 1804 1354 1869 Graec.

179 1907 224 1988 ΙΙ,
250 1931 281 1991 p.
302 1909 367 1972 430
389 1929 435 1992 sq.
463 1907 509 1970 ed.
532 1905 696 1991 Spengel.)
722 1906 800 1971 haeo
827 1905 968 1990 scripsit:
998 1905 1084 1973 πότε
1106 1905 1353 1996 παράλειψις

178 2011 234 2074 καὶ
260 2005 542 2098 ἀποσιώπησις
572 2014 710 2094 χίνεται,·
741 2007 820 2075 ὅταν
846 2010 1071 2098 βουληθῶμεν
1101 2006 1162 2097 τὴν
1191 2003 1353 2075 ὑπόνοιαν

178 2111 315 2196 μείζονα
342 2115 548 2198 καταστῆσαι
568 2115 628 2177 τοῦ
650 2107 849 2198 πράγματος
871 2109 905 2178 δν
928 2115 968 2197 τῇ
991 2109 1108 2198 γνώμῃΙ
1126 2115 1193 2203 τῶν
1216 2105 1355 2178 ἄτονόν·
1379 2163 1382 2180 ,

176 2239 242 2280 των
270 2201 291 2301 ἢ
318 2215 457 2298 λέγομεν
477 2249 530 2277 -.
576 2212 611 2280 ἒν
643 2211 871 2300 προσποιήσει
901 2213 938 2278 δὲ
969 2215 1211 2299 παραλείψεοις
1240 2211 1352 2301 μνήμη

175 2319 242 2381 τῶν
265 2314 472 2402 πραγμάτων
496 2313 581 2382 κατὰ
601 2329 692 2400 τρεῖς
714 2315 862 2404 τρόπους
882 2321 1008 2401 γίνεται
1034 2313 1108 2404 ἤτοι
1134 2313 1213 2382 ὅταν
1235 2312 1354 2403 μικρὰ

177 2419 238 2501 μὲν
261 2408 282 2505 ᾗ
303 2416 346 2484 τὰ
368 2416 562 2504 πράγματα,
585 2417 733 2506 χρήσιμα
760 2418 797 2484 δὲ
823 2421 871 2504 τῷ
895 2419 1037 2503 λέγοντι,
1063 2413 1085 2506 ἢ
1107 2415 1186 2484 ὅταν
1208 2407 1229 2504 ᾗ
1255 2415 1353 2503 yrol-

178 2546 283 2606 ριμα,
306 2519 361 2588 διδι
387 2522 449 2604 μὲν
471 2518 509 2586 τδ
532 2519 680 2606 γνώριμα
704 2515 790 2587 εἶναι
812 2521 896 2608 φησὶ
922 2520 1145 2605 παραλιπεῖν,
1171 2517 1226 2586 διδ
1253 2521 1290 2586 δὲ
1316 2516 1354 2586 τὸ

175 2620 321 2708 χρήσιμα
344 2618 431 2692 εἶναι
453 2625 542 2708 λέγει
564 2619 665 2688 αὐτά·
693 2617 715 2710 ἢ
741 2620 820 2688 ὅταν
845 2620 1003 2708 ἐπαχθῆ
1025 2613 1059 2708 ᾐ,
1078 2621 1224 2710 χρήσιμα
1247 2621 1284 2688 δὲ
1305 2627 1353 2708 τῷ

181 2726 318 2808 λέγοντι.
354 2723 409 2788 διὰ
430 2725 491 2805 μὲν
512 2722 551 2790 τὸ
575 2723 711 2812 ἐπαχθῆ
735 2718 821 2789 εἶναι
843 2725 927 2810 φησί
949 2725 1166 2810 παραλιπεῖν,
1187 2721 1243 2790 διὰ
1261 2721 1353 2790 δὲτὸ

97 2901 103 2910 ‚
174 2823 320 2912 χρήσιμα
347 2819 433 2891 εἶναι
460 2826 549 2911 λέγει
575 2822 666 2891 αὐτά.
711 2823 799 2890 Haeo
825 2825 889 2889 tria
910 2826 1149 2910 praeteritionis
1171 2847 1291 2912 genera
1313 2827 1354 2892 ab

178 2925 381 3013 Hermogene
411 2928 515 2993 tribus
550 2929 757 2994 illustrantur
792 2928 944 3011 exemplis
976 2951 995 2992 a
1025 2927 1242 2994 Demosthene
1271 2928 1354 2992 fietis

176 3031 237 3110 (21,
261 3030 309 3097 15.
345 3032 395 3111 20,
417 3032 446 3096 2.
487 3033 536 3112 18,
558 3033 621 3097 268
644 3035 711 3116 sq.).
755 3029 925 3095 Praeterea
952 3049 1165 3098 commemoro
1187 3029 1292 3094 Tiber.
1314 3029 1353 3093 de

172 3132 226 3216 fig.
245 3130 303 3211 ΙΙΙ,
324 3155 354 3217 p.
373 3135 416 3200 60
436 3155 481 3218 sq.
504 3132 653 3219 Spengel.
676 3131 884 3219 παράλειψις
907 3133 944 3198 δέ
967 3131 1055 3199 ἐστιν
1079 3129 1158 3198 ὅταν
1175 3136 1225 3217 τῷ
1242 3133 1353 3198 δοκεῖν

173 3231 247 3298 τινὰ
273 3235 480 3325 παραλιπεῖν
508 3237 585 3322 λέχη
618 3231 640 3300 d
662 3233 832 3320 βούλεται,
855 3229 900 3312 ὡς
923 3233 957 3300 ἓν
985 3239 1032 3320 τῷ
1060 3231 1147 3321 πρὸς
1173 3239 1352 3320 Λεπτίνην

173 3336 206 3415 (ἓ
230 3339 264 3418 2)
285 3371 340 3416 -,
367 3338 423 3402 καὶ
449 3335 552 3404 πάλιν
574 3334 661 3425 πρὸς
682 3333 740 3403 τὸν
762 3336 930 3424 Αἰσχίνην
951 3339 1022 3419 (18,
1044 3335 1107 3403 868
1130 3340 1186 3420 sq.)
1207 3373 1261 3398 -.
1304 3340 1352 3422 τῷ

173 3463 209 3504 τε
235 3435 298 3525 γὰρ
320 3435 428 3517 οὕτως
451 3438 561 3505 εἰπεῖν
590 3435 611 3506 ἃ
632 3437 790 3524 βούλεται
812 3437 980 3526 δεδήλωκε
1003 3441 1059 3504 καὶ
1079 3443 1120 3524 τῇ
1144 3440 1353 3524 παραλείψει
1412 3489 1415 3496 .

172 3539 210 3606 τδ
235 3533 430 3628 Ιφορτικὸν
458 3537 636 3630 ἀφῄρηται.
659 3577 699 3588 -
723 3541 815 3604 Alex.
838 3541 877 3604 de
897 3541 953 3626 fig.
975 3539 1033 3621 ΙΙΙ,
1055 3543 1105 3606 23.
1148 3539 1352 3606 Phoebamm.

109 3686 115 3701 .
173 3643 212 3708 de
238 3643 292 3727 fig.
314 3643 379 3725 ΙΙΙ,
400 3644 455 3725 51,
486 3667 505 3708 a
533 3665 596 3728 quo
623 3643 742 3728 duplex
773 3644 897 3728 figurae
927 3663 1046 3706 nomen
1076 3645 1353 3724 commemoratur,

174 3743 382 3832 παράλειψις
400 3742 475 3833 ἤτοι
496 3741 773 3834 ὑποσιώπηοις
794 3744 863 3824 (hoo
882 3744 986 3808 utitur
1004 3745 1100 3809 etiam
1119 3745 1215 3809 sehol.
1238 3743 1352 3810 Aesoh.

173 3849 202 3926 3,
224 3847 282 3930 dl).
319 3845 433 3911 Zonae.
456 3848 494 3912 de
515 3848 569 3934 fig.
590 3846 655 3929 ΙΙΙ,
679 3849 749 3913 163.
788 3845 1265 3931 Anonym.defig.lll,178.
1308 3843 1352 3909 Hi

173 3970 297 4029 omnes,
328 3970 466 4034 quorum
496 3951 594 4014 verba
624 3973 689 4015 non
721 3949 889 4033 adscripsi,
919 3949 1002 4013 nihil
1033 3949 1121 4013 aliud
1147 3949 1259 4014 dieunt
1289 3947 1352 4012 nisi

174 4071 259 4132 eum,
290 4051 346 4136 qui
378 4053 491 4126 utatur
522 4053 766 4134 praeter-itione,
797 4052 1003 4116 simulantem
1035 4073 1068 4116 se
1099 4050 1222 4135 aliquid
1246 4054 1352 4115 taoere

173 4153 382 4218 nihilominus
413 4154 526 4218 dioera
569 4153 670 4218 Paulo
705 4155 799 4238 plura
829 4155 962 4238 praebet
992 4152 1175 4218 Demetrius
1206 4153 1256 4217 dex
1276 4153 1352 4218 eloe.

172 4252 237 4334 111,
258 4257 334 4354 818ε
367 4250 411 4334 ὡς
434 4252 464 4321 δ’
490 4251 530 4322 ἂν
552 4258 608 4322 καί
631 4254 667 4323 ἐκ
696 4253 872 4346 σχημάτων
899 4261 1048 4341 γίγνοιτο,
1073 4253 1235 4344 δεινότης,
1261 4255 1351 4334 λέξο·

1131 4366 1142 4405 1
