3098 4732
744 185 896 282 Α
1021 243 1025 252 ,

231 379 297 441 τῶν
322 369 509 459 ἀναγκαίων
532 368 630 438 αάτὸν
654 370 892 454 ἐξετάζεσθαι),
914 367 988 438 ἀλλ’
1011 368 1103 455 ὅμως
1126 371 1408 453 κτὲ.(’1’ἱλνετ.ΙΠ,

222 499 261 561 ·p.
284 478 326 542 63
357 475 523 562 Spengel.).
571 473 672 550 Quam
697 475 804 540 looam
833 475 860 538 si
887 473 1120 558 comparaveris
1151 495 1224 538 enm
1253 474 1427 558 exemplis

208 592 211 602 ’
232 579 327 644 modo
349 576 465 658 allatis,
487 577 656 661 apparebit
673 579 834 641 oratorem
853 576 990 642 seribere
1011 577 1110 642 etiam
1131 576 1272 660 potuisse
1293 573 1407 663 πατὴρ

231 675 262 745 δ’
287 677 378 758 ὅστις
400 677 527 767 δήποτε
550 673 572 766 ἢ
592 680 667 759 (καὶ)
688 672 820 743 ὁπόθεν
838 676 975 766 δήποτε.
1011 677 1059 742 De
1079 678 1233 762 peculiari
1255 674 1408 744 ἀποσιω-

231 779 369 871 πήσεως
392 803 519 867 genere,
540 781 631 864 eujus
652 781 798 866 exempla
820 785 853 845 eb
874 780 908 844 hi
931 781 993 846 looi
1014 783 1171 864 praebent
1192 783 1226 844 ab
1247 780 1305 862 illi,
1326 802 1408 864 quos

231 884 329 968 paulo
356 905 453 968 snpra
481 882 589 968 posui,
619 881 660 946 D.
682 885 732 962 24,
755 883 817 948 202
844 885 943 966 abque
968 881 1026 963 (D.)
1050 881 1102 964 45,
1123 885 1156 960 3,
1182 885 1215 946 ei
1241 885 1408 966 praeterea

231 985 329 1065 loeus,
351 1007 446 1070 quem
468 984 580 1049 statim
602 983 770 1063 proferam,
791 982 849 1064 (D.)
869 985 922 1063 40,
944 985 972 1064 8,
995 987 1130 1069 agareni
1151 981 1345 1048 Volkmann.
1367 985 1408 1050 de

231 1091 291 1152 art.
318 1086 399 1151 rhet.
426 1084 535 1150 Graec.
562 1089 594 1150 ab
621 1084 711 1149 Rom.
741 1105 771 1168 p.
793 1086 867 1164 429,
892 1083 1021 1149 Weber.
1047 1089 1079 1148 ei
1106 1083 1343 1150 Westermann.
1365 1085 1408 1150 ad

231 1188 270 1253 D.
293 1191 348 1269 23,
369 1191 441 1254 213.
483 1185 638 1252 Diversus
665 1191 714 1251 esi
741 1186 897 1252 orationis
928 1187 1016 1251 eolor
1042 1185 1081 1249 D.
1103 1189 1137 1268 8,
1158 1189 1200 1253 20
1231 1185 1311 1253 εἰπέ
1339 1212 1409 1270 μοι,

230 1286 349 1376 πότερ’
379 1285 419 1356 ἀν
444 1287 579 1373 βούλοιο
606 1285 744 1367 τούτους
772 1284 850 1366 τοὺς
881 1286 1100 1375 στρατιώτας,
1130 1284 1187 1366 οὓς
1214 1294 1407 1377 Διοπείθης

230 1397 286 1458 νῦν
313 1391 394 1474 ἐ’γει,
422 1387 500 1470 τοὺς
529 1385 826 1458 ὁποιουστινασοῦν
847 1385 954 1468 (οὐδὲν
975 1387 1038 1476 γὰρ
1062 1385 1232 1476 ἀντιλέγω)
1254 1385 1406 1457 εὐθενεῖν

231 1492 296 1560 κτδ.
319 1497 352 1558 et
374 1492 412 1557 D.
430 1495 520 1574 386
543 1485 634 1560 οὗτοι
656 1489 855 1582 προσῆλθόν
877 1517 937 1575 μοι
957 1487 1043 1575 μετὰ
1064 1497 1241 1578 Λακρίτου
1264 1498 1408 1572 τουτουί,

229 1590 363 1661 ὁπόθεν
385 1590 507 1682 δήποτ’
532 1593 768 1681 ἐγνωρισμένοι
788 1589 896 1680 τούτῳ
917 1590 966 1674 (οὐ
988 1589 1051 1679 γὰρ
1075 1588 1174 1674 οίδα),
1195 1585 1252 1661 καὶ
1270 1593 1403 1662 ἐδέοντό

231 1722 296 1780 μου
320 1696 386 1764 κτὲ.

316 1797 369 1864 Ad
389 1799 476 1866 loeas
498 1799 612 1864 allatos
630 1799 700 1881 jam
721 1797 745 1862 ii
767 1798 931 1878 aooedani,
952 1798 987 1862 in
1009 1799 1126 1882 quibus
1149 1799 1310 1864 sententia
1331 1820 1407 1866 eau-

231 1902 307 1968 salis
326 1901 378 1966 vel
399 1902 572 1986 superioris
594 1899 757 1965 enunciabi
779 1899 954 1964 clausulam
972 1899 1025 1970 vel
1046 1901 1142 1964 etiam
1164 1921 1284 1965 novum
1306 1923 1408 1966 enun-

231 2005 351 2069 oiabnm
373 2002 479 2068 efficit.
522 2000 580 2084 (D.)
600 2005 652 2083 40,
674 2005 694 2068 8
716 2006 755 2088 τῇ
779 2002 816 2068 δὲ
838 1998 964 2068 τούτων
986 2004 1087 2090 μητρὶ
1109 1999 1280 2088 Πλαγγόνι
1303 2001 1409 2094 ἐπλη-

232 2110 347 2172 σίασεν
369 2102 480 2170 όντινα
510 2103 552 2192 δή
578 2100 658 2170 ποτ’
683 2094 741 2170 οὖν
762 2101 908 2190 τρόπον·
931 2099 969 2170 οὗ
991 2099 1053 2190 γάρ
1077 2100 1156 2188 ίμὸν
1177 2109 1277 2172 τοῦτο
1300 2106 1408 2190 λέγειν

232 2205 317 2286 δστί,
339 2207 377 2270 δε
399 2227 464 2290 qno
486 2206 549 2270 vid.
572 2227 654 2290 qnae
675 2205 771 2270 modo
793 2205 880 2270 diota
902 2209 991 2287 suni,
1018 2205 1132 2272 Aesoh.
1153 2209 1184 2288 3,
1207 2209 1270 2274 170
1294 2205 1352 2274 τὸν
1375 2205 1406 2275 δ’

231 2304 438 2393 ὀλιγαρχικὸν
456 2303 569 2374 πάντα
587 2307 641 2373 δεῖ
656 2302 814 2374 τάναντία
832 2304 951 2374 τούτου
971 2306 1074 2392 ἔχειν·
1095 2314 1129 2375 τί
1150 2306 1212 2395 γάρ
1236 2309 1290 2376 δεῖ
1306 2309 1409 2377 πάλιν

232 2411 403 2492 διεξιέναι,·
432 2411 555 2493 (praee.)
585 2407 659 2474 Din.
682 2413 715 2490 1,
736 2410 778 2475 35
809 2407 855 2476 δῶ
881 2407 943 2495 γὰρ
974 2408 1052 2489 τοὺς
1082 2409 1202 2490 ἀλλους
1233 2410 1408 2492 κινδύνους,

230 2511 345 2578 Aesoh.
368 2515 401 2592 3,
423 2513 486 2578 225
511 2511 695 2592 (seeundum
717 2512 910 2596 scripturam
933 2511 1107 2578 Weidnero
1128 2514 1306 2598 probabam)
1332 2511 1409 2580 ἐπι-

232 2610 353 2693 στολὰς
369 2609 432 2700 γδρ
451 2618 532 2700 σιγῶ
550 2613 690 2698 ψευδεῖς
703 2613 770 2681 κτὲ.
806 2613 879 2680 Din.
896 2619 924 2696 1,
942 2617 984 2682 94
1003 2613 1048 2682 δῶ
1069 2612 1132 2702 γάρ
1154 2607 1260 2684 τᾶλλα
1280 2613 1344 2684 ὅσα
1357 2637 1408 2664 -·

231 2715 358 2784 τούτων
376 2714 439 2805 γὰρ
458 2711 617 2782 ἀπόντων
631 2709 725 2799 ὁμεῖς
742 2715 850 2804 τούτῳ
868 2715 1033 2806 μάρτυρές
1051 2716 1126 2785 ἐστε
1143 2719 1240 2799 (Ιοουε
1258 2719 1410 2802 omnium,

231 2841 311 2904 quos
332 2817 384 2884 hia
406 2817 538 2902 protuli,
558 2817 792 2902 amplissimus).

320 2919 514 3004 Appendieis
528 2919 599 2984 loeo
613 2919 744 2983 bertium
760 2941 972 2985 commemoro
987 2922 1180 3006 aposiopesis
1195 2945 1306 3008 genus,
1322 2922 1406 3010 quod

231 3043 296 3088 non
323 3025 391 3086 bam
417 3025 487 3086 arbe
513 3042 586 3086 oum
607 3021 836 3106 praeteritione
862 3021 1012 3088 eobaereb
1034 3046 1130 3108 quarn
1152 3025 1209 3089 illa
1231 3025 1303 3108 duo,
1324 3046 1405 3110 qnae

231 3111 330 3208 supra
355 3127 541 3208 persecutus
563 3145 649 3203 sum,
675 3123 736 3188 boa
763 3123 846 3204 dico,
869 3145 945 3193 aum
968 3125 1041 3210 qnis
1063 3125 1130 3192 sive
1155 3131 1289 3212 propter
1311 3127 1409 3192 animi

231 3225 394 3312 quendam
420 3225 644 3290 verecundiam
670 3225 738 3290 sivo
764 3231 897 3311 propter
924 3227 1007 3291 iram
1034 3230 1131 3312 atque
1152 3229 1411 3314 indignationem

230 3327 370 3392 medinm
388 3348 567 3392 sennonem
585 3327 693 3392 subibo
711 3327 882 3414 abrumpit.
912 3327 1018 3412 Hujus
1032 3329 1160 3415 generis
1174 3334 1250 3395 suni
1268 3329 1372 3414 D.18‚
1389 3331 1412 3396 3

232 3425 270 3494 οά
292 3425 354 3515 γάρ
374 3426 462 3496 ἐστιν
484 3425 558 3494 ἰ’σον
580 3431 636 3493 νῦν
660 3427 735 3512 ἐμοὶ
756 3433 815 3518 τῆς
843 3425 926 3519 παρ’
950 3426 1040 3516 ὁμιῖιν
1064 3426 1194 3510 εὐνοίας
1215 3431 1411 3518 διαμαρτεῖν

232 3531 287 3597 καλ
309 3527 416 3616 τούτῳ
437 3527 484 3617 μὴ
508 3527 596 3596 ἑλεῖν
617 3527 678 3616 τὴν
700 3529 842 3620 γραφήν,
865 3527 939 3600 ἀλλ’
964 3529 1040 3616 ἐμοὶ
1060 3533 1122 3618 μὲν
1145 3569 1185 3580 -
1208 3531 1247 3600 οά
1268 3533 1412 3620 βούλο-

230 3657 301 3716 μαι
328 3631 515 3718 δυσχερὲς
537 3631 670 3700 εἰπεῖν
693 3628 875 3718 ἀρχόμενος
895 3639 954 3700 τοῦ
977 3633 1091 3720 λόγου,
1113 3626 1209 3714 οὗτος
1230 3634 1262 3702 δ’
1287 3637 1325 3704 ἐκ
1346 3661 1412 3706 πε-

231 3738 381 3820 ριουσίας
410 3757 475 3817 μου
507 3747 686 3824 κατηγορεῖ
710 3735 871 3822 (Hermog.
893 3735 941 3818 Π,
970 3757 1001 3820 p.
1022 3739 1094 3804 430.
1128 3737 1197 3802 Tib.
1219 3738 1284 3822 ΙΠ,
1314 3763 1344 3826 p.
1367 3743 1412 3808 62

231 3834 397 3922 Spengel.)
440 3833 479 3899 D.
503 3837 556 3918 18,
580 3839 640 3903 195
673 3827 727 3924 ἀρ’
757 3832 851 3904 οἶσθ’
880 3835 930 3904 ὁτι
961 3843 1017 3903 νῦν
1046 3839 1108 3924 μὲν
1136 3845 1265 3930 στῆναι,
1296 3845 1411 3910 συνελ-

231 3943 319 4018 θεῖν,
346 3933 565 4020 ἀναπνεῦσαι,
591 3938 703 4006 πολλὰ
728 3935 778 4024 μί’
804 3935 910 4028 ἡμέρα
938 3941 993 4007 καλ
1015 3937 1073 4008 δύο
1097 3945 1153 4010 καλ
1173 3955 1265 4028 τρεῖς
1287 3943 1410 4014 ἔδοσαν

230 4045 297 4108 τῶν
324 4039 373 4118 εἰς
400 4047 566 4128 σωτηρίαν
588 4047 626 4129 τῇ
655 4041 769 4122 πόλει,
794 4039 870 4110 τότε
897 4042 934 4110 δέ
962 4080 1001 4092 -
1030 4039 1097 4110 οὐκ
1125 4041 1234 4126 ἀξιον
1261 4045 1412 4130 εἰπεῖν,

232 4139 254 4210 ἀ
279 4163 317 4228 γε
343 4139 428 4230 μίγδὲ
456 4153 578 4228 πεῖραν
606 4143 710 4210 ἔδωκε
738 4147 832 4210 θεῶν
858 4167 949 4224 τινος
975 4139 1089 4232 εόνοίᾳ
1115 4145 1181 4214 ντί.
1226 4145 1264 4212 D.
1289 4149 1410 4224 16,18

232 4239 270 4312 υά
296 4237 358 4330 γὰρ
386 4239 427 4310 δν
456 4237 594 4331 ἡγοῦμαι
619 4247 700 4334 περί
726 4243 845 4312 τούτου
874 4243 977 4330 μόνον
1006 4241 1083 4334 ἡμῖν
1110 4241 1197 4314 ελναι
1226 4245 1284 4316 τὸν
1311 4249 1410 4338 λόγον
