3098 4732
712 191 864 288 A„

201 380 238 446 in
267 381 374 466 priore
403 382 496 464 parte
522 400 579 443 me
608 378 681 463 ipsa
711 377 919 462 dispositione
949 377 1166 463 exemplorum
1199 375 1381 462 providisse

202 485 296 568 puto,
318 481 370 548 hio
391 480 537 548 sufficere
558 480 699 546 arbitror
720 501 788 546 rem
809 480 951 546 breviter
972 479 1130 566 attigisse.

287 583 426 648 Restant
448 583 520 665 duo,
540 581 683 670 quaeda
701 603 738 647 eo
752 582 928 662 ‚verborum
949 581 1125 665 complexu,
1147 603 1211 668 quo
1232 583 1381 648 contine-

203 690 259 750 tur
276 685 474 771 praeteritio,
496 683 774 750 commemoranda
797 681 875 748 mihi
897 683 1055 748 videntur.
1090 682 1138 748 De
1160 684 1280 769 duplici
1302 705 1380 770 apa·

204 787 329 872 nelopsi
354 786 394 852 D.
415 790 487 870 2,3
513 809 560 872 sq.
589 807 647 870 per
676 785 868 870 particulam
899 775 956 851 οὖν
982 783 1068 851 facta
1098 783 1191 867 bene,
1221 789 1258 851 ut
1288 779 1383 869 solet,

205 889 383 973 disputavit
412 888 591 954 Rehdantz.
622 887 663 952 ad
692 887 713 951 l.
761 886 893 969 Orator,
922 890 1095 972 postquam
1121 887 1227 954 verbis
1253 885 1292 955 τὸ
1317 888 1378 972 μὲν

205 980 262 1057 οὖν
285 1027 325 1040 -
349 986 420 1073 οὐχὶ
442 991 551 1068 καλῶς
574 987 660 1072 ’ἐχειν
683 983 824 1076 ἡγοῦμαι
847 989 909 1053 sibi
929 1009 996 1053 non
1019 991 1131 1073 aptum
1153 989 1255 1054 videri
1276 990 1379 1076 signi-

204 1093 314 1158 ficavit
340 1092 465 1178 copiose
490 1091 711 1175 persequendo
733 1089 875 1175 Philippi
901 1090 1081 1175 potentiam
1103 1089 1317 1157 Athenienses
1338 1093 1380 1157 ad

205 1191 346 1258 officium
359 1193 539 1258 faciendum
555 1193 690 1258 incitare
704 1195 736 1258 et
751 1193 792 1257 ad
809 1193 1059 1258 confirmandam
1076 1193 1160 1257 hanc
1177 1194 1382 1276 sententium,

206 1295 269 1361 duo
296 1295 360 1361 alia
384 1296 555 1361 enunciata
576 1295 703 1380 adjecit,
723 1294 876 1380 primum,
897 1295 1037 1378 repetita
1059 1296 1156 1360 etiam
1178 1295 1291 1361 vocula
1311 1301 1388 1380 μέν,

206 1396 268 1462 hac
289 1397 395 1462 utitur
417 1397 613 1481 epanalepsi:
634 1401 738 1464 ταῦτα
759 1397 820 1480 μὲν
840 1386 896 1463 οὗν
919 1398 1134 1484 παραλείψω,
1155 1397 1278 1480 deinde,
1299 1419 1386 1464 novo

206 1500 375 1583 interjecto
413 1500 584 1566 enunciato
619 1499 753 1580 causali,
794 1498 988 1564 sententiam
1023 1499 1129 1564 denuo
1162 1503 1299 1564 renovat
1333 1499 1385 1564 his

206 1601 325 1666 verbis:
357 1592 402 1668 ὧν
436 1592 493 1667 οὖν
521 1637 575 1684 -,
610 1598 682 1684 οὐχὶ
713 1605 768 1667 νῦν
800 1594 867 1688 ὁρῶ
899 1595 1013 1688 καιρὸν
1043 1605 1102 1667 τοῦ
1132 1603 1247 1687 λέγειν.
1300 1600 1384 1666 Huic

210 1704 355 1788 exemplo
381 1703 468 1788 quod
493 1703 588 1788 plene
610 1703 780 1768 conveniat
802 1703 940 1767 alterum
961 1703 1016 1768 vix
1041 1703 1238 1786 inveniatur;
1264 1703 1319 1768 sed
1340 1703 1385 1768 si·

210 1805 331 1872 militer
352 1805 388 1871 in
410 1809 552 1871 extrema
573 1809 666 1890 parte
689 1805 758 1889 ejus
779 1805 850 1886 loci,
868 1805 924 1890 qui
945 1805 1209 1890 praeteritionem
1231 1805 1387 1885 continet,

164 1899 169 1912 ’
213 1911 245 1972 et
271 1908 491 1994 redintegrata
522 1911 570 1974 est
601 1908 761 1974 sententia
786 1929 844 1991 per
870 1908 1061 1992 particulam
1087 1898 1145 1975 οὖν
1174 1911 1207 1972 at
1231 1909 1384 1972 iteratum

211 2009 297 2093 quod
322 2009 357 2074 in
387 2011 544 2095 principio
576 2010 718 2095 positum
744 2013 814 2074 erat
840 2015 901 2092 μέν
927 2008 1009 2074 Plat.
1032 2009 1155 2076 Menex.
1178 2013 1241 2076 239
1259 2031 1284 2074 c
1327 2007 1387 2090 (1).)

210 2111 262 2192 53,
280 2113 308 2176 3.
330 2110 388 2192 (D.)
405 2113 456 2193 61,
475 2113 524 2177 15.
546 2109 661 2177 Aesch.
683 2115 713 2194 3,
734 2112 785 2178 53.
828 2109 999 2176 Praeterea
1021 2113 1224 2197 aliquatenus
1246 2109 1385 2176 conferri

210 2216 347 2295 possunt
367 2210 425 2292 (D.)
446 2215 497 2293 61,
518 2215 568 2278 33.
595 2211 636 2277 Is.
660 2216 709 2294 12,
732 2200 863 2294 12715,
886 2215 956 2279 110.
986 2212 1025 2278 D.
1047 2215 1185 2295 18,130.
1220 2211 1385 2278 Particula

211 2310 251 2401 δή
274 2314 472 2398 epanalepsis
495 2315 533 2379 fit
554 2313 613 2396 (D.)
633 2317 684 2395 43,
707 2317 756 2380 21.

297 2414 346 2480 Ex
365 2417 451 2499 locis,
469 2438 550 2502 quos
567 2415 704 2502 protulit
721 2413 868 2500 Seyffert.
886 2416 982 2482 schol.
1001 2415 1071 2482 Lat.
1092 2439 1125 2501 p.
1141 2419 1183 2483 90
1200 2437 1246 2501 sq.
1268 2416 1314 2480 ed.
1325 2414 1388 2496 ΙΙΙ,

212 2520 416 2605 cognoscitur
447 2519 532 2604 apud
559 2517 743 2584 Ciceronem
773 2518 1011 2603 praeteritionis
1041 2519 1177 2604 figuram
1209 2538 1302 2602 saepe
1327 2537 1386 2602 per

211 2620 305 2706 plura
327 2621 471 2686 membre
491 2621 614 2707 porrigi
635 2619 691 2702 ita,
712 2624 750 2685 ut
768 2620 836 2704 ejus
854 2621 902 2686 vis
925 2624 957 2686 et
979 2621 1123 2706 gravitas
1146 2621 1292 2686 adhibita
1308 2641 1384 2684 ana·

211 2723 314 2806 phora
334 2744 529 2809 magnopere
551 2726 718 2809 augeatur.
762 2720 809 2786 cf.
827 2745 853 2788 e.
871 2743 902 2808 g.
923 2744 953 2806 p.
976 2720 1249 2804 01666666188
1270 2719 1386 2786 Mitto

211 2825 301 2890 illam
323 2825 460 2909 primam
481 2825 624 2890 libidinis
641 2824 802 2908 injuriam,
823 2824 937 2888 mitto
958 2823 1098 2890 nefarias
1116 2825 1227 2910 generi
1244 2823 1388 2910 nuptias,

212 2927 326 2992 mitto
357 2927 533 3011 cupiditate
559 2926 673 2991 matris
704 2927 869 3010 expulsam
900 2947 939 2990 ex
969 2927 1174 2992 matrimonio
1205 2927 1313 2992 filiam.
1344 2961 1385 2974 ·—

211 3027 321 3094 Nihil
347 3028 448 3092 (16-
471 3049 618 3112 queror.
640 3063 681 3074 -
704 3025 920 3110 Praetereo,
943 3028 1027 3112 quod
1050 3064 1100 3092 -.
1143 3027 1229 3092 Illud
1245 3029 1387 3112 primum

213 3151 330 3216 queror
357 3129 450 3210 6163)
492 3128 580 3194 Talis
607 3127 790 3212 anaphorae
817 3129 961 3214 exempla
987 3129 1071 3212 apud
1094 3133 1236 3194 oratores
1258 3129 1388 3194 Atticos

211 3337 236 3400 2,
254 3335 301 3402 27;
322 3335 350 3388 in
368 3349 391 3388 r.
410 3330 524 3400 simplici
546 3327 642 3401 λέγειν
665 3331 759 3386 eadem
777 3331 817 3386 vis
840 3332 910 3386 inest
931 3333 966 3386 Is.
985 3335 1009 3401 6,
1028 3334 1069 3389 81.
1095 3331 1129 3386 D.
1150 3335 1189 3400 18,
1206 3333 1273 3396 296)
1309 3329 1387 3384 Trica

212 3417 319 3472 suntin
338 3417 431 3473 eadem
449 3417 535 3488 figura
551 3417 623 3472 καθ’
644 3410 767 3470 ἕκαστον
783 3415 863 3486 (And.
881 3421 907 3488 8,
925 3421 941 3473 9
963 3417 1106 3488 multisque
1122 3417 1183 3472 aliis
1199 3415 1275 3484 locis,
1294 3430 1309 3470 6
1327 3415 1388 3484 qui·

211 3501 262 3558 bus
281 3518 362 3556 unum
383 3501 481 3572 adJioio
498 3501 690 3557 Demosthenis
708 3507 750 3572 20,
767 3507 815 3558 107
832 3497 885 3566 τὰς
902 3499 956 3570 μὲν
973 3497 1044 3556 καθ’
1061 3495 1184 3557 ἕκαστον
1203 3495 1298 3572 ἐάσω),
1316 3494 1385 3554 καθ’

212 3580 244 3642 lv
262 3579 386 3642 ἕκαστον
403 3587 475 3656 (Lys.
497 3591 536 3656 18,
554 3591 578 3644 8.
602 3585 671 3642 Xeu.
689 3587 770 3656 Ages.
789 3591 813 3656 7,
832 3591 855 3642 1.
882 3589 968 3642 Anax.
986 3588 1055 3643 rhet.
1073 3587 1098 3656 1,
1125 3604 1151 3656 p.
1172 3591 1218 3644 181
1242 3585 1385 3656 Spengel),

211 3665 245 3724 τὸ
268 3663 338 3726 καθ’
363 3663 495 3728 ἕκαστον,
529 3671 608 3742 (Hyp.
628 3673 692 3741 epit.
709 3673 767 3740 111),
788 3667 824 3726 τὰ
846 3667 918 3726 καθ’
939 3663 1046 3726 ἵκαστα
1069 3671 1110 3736 (Ι).
1131 3673 1171 3740 18,
1189 3675 1248 3728 214.
1273 3671 1327 3736 [0.]
1343 3675 1388 3740 49,

211 3759 267 3826 66),
291 3753 325 3810 de
348 3757 445 3824 quibus
468 3755 501 3810 cl.
521 3755 670 3812 Rehdantn
688 3757 705 3812 l.
723 3757 740 3812 l.
762 3755 860 3810 indii
883 3772 904 3812 s.
921 3773 946 3812 r.
965 3749 1046 3810 κατά.
1081 3755 1203 3826 Denique
1225 3771 1386 3812 commemo·

211 3839 324 3898 randum
343 3839 388 3896 hic
404 3840 559 3896 adverbium
577 3837 712 3912 ἀκριβῶς
729 3843 773 3908 (Is.
793 3847 833 3912 14,
850 3845 892 3898 60.
910 3841 994 3896 Arist.
1008 3841 1076 3899 rhet.
1094 3843 1115 3912 1,
1133 3858 1160 3912 p.
1180 3845 1212 3898 16
1228 3835 1300 3896 καθ’
1320 3833 1388 3896 ἕκα-

212 3941 283 3980 στοι·
302 3924 432 3997 ἀκριβῶς
451 3921 711 3998 διαριθμήσασθαι.
746 3929 781 3984 ls.
800 3931 825 3998 5,
843 3931 885 3984 69.
904 3930 945 3996 16,
963 3931 1012 3994 22).
1039 3927 1073 3982 ls.
1094 3933 1116 3996 1,
1136 3933 1166 3982 11
1184 3923 1219 3980 τὸ
1237 3924 1292 3992 μὲν
1306 3921 1388 3996 ἀκρι-

210 4009 262 4081 βὲς
283 4005 378 4066 αὐτῶν
400 4005 432 4068 ἐν
454 4007 567 4082 ἑτέροις
590 4017 707 4082 καιροῖς
730 4008 911 4082 δηλώσομεν,
939 4013 1043 4082 δεῖγμα
1070 4007 1103 4066 δὲ
1126 4043 1159 4052 -
1181 4014 1233 4065 νῖν
1255 4007 1387 4082 ἐξενηνό-

208 4113 326 4244 zomi)
342 4182 410 4238 Bina
427 4183 546 4240 menbra
562 4183 718 4255 praeteritio
736 4181 923 4252 complectitur
939 4180 1019 4237 Tusc.
1033 4179 1066 4250 V,
1085 4185 1125 4250 18,
1143 4183 1184 4238 46.
1212 4181 1245 4236 de
1259 4197 1298 4238 or.
1307 4181 1329 4250 1,
1342 4185 1386 4252 62,

212 4267 387 4332 2261616106
402 4299 434 4309 -
453 4269 564 4327 omitto).
598 4285 625 4342 p.
643 4269 713 4326 Mur.
733 4273 773 4340 16,
791 4273 824 4326 88
841 4267 928 4338 (mitto
947 4297 979 4308 -
997 4271 1157 4336 praetereo).
