3098 4732
653 183 806 282 „re-—

139 373 202 456 μὲν
229 369 295 438 κτὲ.
317 349 412 454 ¹Irys.
435 372 490 452 28,
512 371 532 436 8
568 369 804 458 Θρασύβουλος
834 371 896 454 μὲν
923 359 979 436 οὖν
1005 364 1132 450 (οὐδὲν
1158 369 1228 457 γὰρ
1256 371 1319 445 δεῖ

141 475 234 561 περὶ
261 469 379 540 αὐτοῦ
402 473 526 538 πλείω
550 473 694 558 λέγειν)
716 475 825 552 καλῶς
848 471 1007 562 ἐποίησεν
1029 471 1094 538 κτὲ.
1129 472 1169 537 Ι).
1187 475 1238 554 21,
1257 477 1319 540 122

141 572 177 654 ὃς
199 572 292 662 ἄνδρ’
318 575 508 657 ἀτυχοῦντα,
531 571 627 641 οὐδέν
649 571 749 642 αὑτὸν
771 571 952 664 ἠδικηκότα
977 573 1040 655 (sca
1062 570 1124 663 γάρ
1148 574 1179 641 εἰ
1202 577 1330 663 φίλον),

140 676 211 762 ἅμα
239 689 461 764 συκοφαντεῖν
489 673 572 763 ᾤετο
601 677 671 742 δεῖν
698 676 763 744 κτέ.
807 675 881 741 Din.
905 681 937 756 1,
959 679 996 741 31
1032 673 1090 742 οὐκ
1121 675 1239 768 ἐπειδή
1270 683 1318 766 τήν

141 778 237 868 δήμῳ
261 777 497 862 συμβουλεύειν
520 775 656 866 ήρξατο,
684 773 728 858 ὥς
753 777 888 866 μήποτε
915 776 1046 866 ὤφελεν
1073 774 1228 866 (ἀφήσω
1255 779 1317 867 γὰρ

142 884 244 949 αὐτοῦ
269 877 312 948 τὰ
336 879 425 947 ἰ’δια·
451 875 469 946 ό
496 875 566 966 γάρ
592 879 733 968 χρόνος
764 877 833 947 οὐκ
865 879 1094 963 ἐπιδέχεται
1123 884 1318 966 μακρολο-

141 987 252 1068 γεῑν),
278 978 409 1068 ἀγαθόν
435 982 497 1066 μὲν
520 975 637 1062 ἀπλῶς
666 983 776 1051 εἰπεῖν
799 979 895 1050 οὐδὲν
917 988 1033 1069 γέγονε
1059 988 1098 1070 τῇ
1125 981 1226 1050 πόλει
1253 983 1319 1058 κτὲ,

143 1086 226 1151 Plar.
247 1084 343 1169 Apol.
365 1087 404 1152 21
417 1105 442 1148 ο.

226 1187 442 1272 Aliquatenus
469 1207 542 1252 eum
567 1187 618 1253 his
644 1188 722 1253 loeis
750 1185 889 1253 conferri
914 1188 990 1253 lieet
1005 1187 1057 1252 ·D.
1081 1190 1130 1270 18,
1152 1190 1191 1254 21
1221 1188 1254 1255 οί
1282 1189 1319 1254 δὲ

142 1288 355 1368 συνειπόντες
374 1287 604 1378 ότοο.δήποθ’
616 1289 715 1357 ἕνεκα
732 1289 787 1369 (ἐῶ
805 1289 867 1377 γὰρ
886 1288 984 1356 τοῦτό
1001 1285 1033 1375 γ’
1050 1287 1084 1357 ἒν
1101 1293 1149 1376 τῷ
1169 1289 1320 1375 παρόντι)

106 1413 114 1418 ·
141 1389 311 1477 Εὔβουλος
341 1393 397 1458 καί
423 1397 635 1482 Κηφισοφῶν
666 1383 776 1479 (ἦσαν).
825 1390 865 1455 Ι).
888 1394 942 1472 18,
969 1393 1030 1458 146
1062 1397 1254 1476 συνέβαινεν
1286 1389 1317 1458 δ’

141 1490 231 1580 αὐτῷ
253 1497 301 1580 τῷ
319 1494 460 1580 πολέμῳ
480 1498 654 1579 κρατοῦντι
674 1490 752 1572 τοὺς
771 1487 1045 1582 ὁποιουσδήποθ’
1067 1491 1161 1577 ὑμεῖς
1178 1492 1321 1578 ἐξεπέμ-

141 1619 225 1661 πετε
244 1594 447 1684 στρατηγούς
464 1595 519 1676 (ἐῶ
538 1594 600 1682 γὰρ
618 1594 712 1663 τοῦτό
730 1605 776 1682 γε)
794 1591 875 1683 αὐτῇ
893 1599 933 1683 τῇ
952 1593 1052 1684 φύσει
1072 1601 1131 1662 τοῦ
1152 1593 1260 1663 τόπου
1280 1633 1320 1644 -

142 1702 401 1778 κακοπαθεῖν.*)
445 1697 483 1761 D.
503 1701 552 1780 18,
571 1701 630 1766 261
657 1695 775 1786 ἐπειδή
795 1695 825 1764 δ’
851 1697 900 1777 εἰς
921 1697 999 1776 τοὺς
1022 1696 1168 1787 δημότας
1191 1697 1321 1784 ἐνεγρά-

144 1825 212 1889 φης
234 1797 462 1886 ὁπωσδήποτε
484 1798 539 1880 (δῶ
561 1795 623 1886 γὰρ
645 1804 763 1882 τοῦτο),
790 1798 909 1888 ἐπειδή
935 1795 966 1886 γ’
992 1797 1233 1889 ένεγρόφης**)
1256 1799 1321 1866 κτὲ.

142 1901 201 1984 (D.)
219 1904 270 1984 25,
287 1902 330 1968 55
346 1897 406 1990 τήν
429 1898 578 1990 ἀδελφήν
595 1898 655 1990 τήν
675 1903 793 1969 ἑαυτοῦ
817 1899 875 1985 οὐχ
893 1897 1104 1987 ὁμοπατρίαν
1126 1903 1187 1985 μὲν
1211 1893 1322 1982 οὖσαν,

143 2009 315 2092 θυγατέρα
342 1999 372 2070 δ’
401 2001 529 2093 ἐκείνης
555 1997 783 2093 ὁπωσδήποτε
813 2009 992 2093 γενομένην
1023 2003 1079 2085 (ἐῶ
1108 2000 1171 2092 γάρ
1202 2008 1321 2084 τοῦτο),

143 2101 218 2172 ἀλλ’
252 2102 401 2196 ἀδελφήν
431 2130 479 2192 γε,
510 2102 567 2174 ἐπ’
597 2105 743 2194 ἐξαγωγῇ
776 2103 935 2174 ἀπέδοτο.
978 2105 1052 2171 Diu.
1076 2109 1109 2189 1,
1131 2109 1172 2174 93
1198 2107 1256 2173 τὸν
1284 2105 1321 2174 ἐκ

66 2201 72 2210 ”
142 2205 307 2296 τοσαύτης
329 2204 541 2292 εὐδαιμονίας
567 2208 617 2288 εἰς
641 2207 805 2300 τοσαύτην
829 2205 965 2291 ἀδοξίαν
988 2207 1241 2297 καταστήσαντα
1262 2206 1322 2298 τήν

144 2307 243 2376 πόλιν
266 2309 309 2376 δι’
334 2304 577 2399 ἡντιναδήποτε
596 2310 707 2378 αἰτίαν
730 2307 866 2402 ήτύχην
888 2311 943 2390 (έῶ
966 2311 1028 2399 γὰρ
1054 2316 1152 2378 τοῦτο
1175 2312 1322 2393 νῦν),***)

144 2410 263 2500 ἐπειδὴ
290 2411 356 2478 κτὲ.
387 2449 429 2460 -
455 2412 605 2479 Variavit
636 2413 869 2480 Demosthenes
899 2413 983 2478 hane
1013 2414 1151 2481 formam
1182 2417 1237 2492 23,
1260 2417 1322 2480 213
1385 2440 1388 2444 ·

143 2510 201 2580 τὸν
228 2513 428 2605 Χαρίδημον
454 2519 572 2582 τοῦτον
599 2513 706 2598 αὐτόν,
738 2509 764 2602 ᾦ
791 2515 899 2604 μήτηρ
930 2517 991 2599 μὲν
1017 2511 1160 2600 ἀπάρχει
1190 2517 1324 2594 πολῖτις

146 2613 224 2695 ἐκεῖ,
246 2612 375 2702 πατὴρ
399 2612 429 2680 δ’
455 2613 523 2682 οὐκ
552 2615 627 2702 δρῶ
649 2623 710 2694 τίς
733 2613 754 2705 ἢ
775 2615 905 2682 πόθεν
927 2612 1032 2696 (οὐδὲν
1054 2615 1116 2702 γὰρ
1140 2617 1193 2684 δεῖ
1213 2618 1322 2682 πλείω

232 2887 257 2951 *1
278 2885 331 2939 Hic
348 2883 426 2939 locus
445 2899 462 2938 a
479 2884 590 2952 reliquis
608 2885 738 2955 omnibus
756 2901 824 2954 quos
842 2885 930 2956 attuli,
949 2902 981 2942 eo
999 2887 1097 2958 differt,
1115 2886 1188 2956 quod
1206 2880 1324 2942 ὁποιοσ·

146 2966 257 3040 δήποτε
279 2971 332 3024 vim
357 2969 498 3024 relativam
524 2970 644 3026 retinuit.
685 2971 771 3038 Quam
797 2971 832 3030 ob
860 2987 968 3026 causam
991 2973 1123 3040 suspicari
1149 2972 1248 3042 possis·
1261 2981 1323 3026 ante

145 3052 229 3122 ὑμεῖς
251 3054 423 3109 inserendum
446 3069 506 3109 esse
529 3069 585 3111 acc.
603 3071 681 3122 pron.
699 3057 746 3111 rel.
767 3045 825 3118 σός.
860 3057 892 3110 In
915 3048 1021 3111 diverse
1042 3059 1184 3112 verborum
1207 3057 1323 3113 colloca·
1441 3069 1443 3072 ·

143 3141 217 3195 tione
240 3141 390 3196 simillimus
412 3150 505 3196 temen
528 3146 570 3196 est
592 3141 668 3196 loeus
688 3141 721 3197 D.
740 3145 765 3210 8,
784 3146 825 3198 20.
862 3142 988 3198 Ceterum
1009 3142 1043 3198 ef.
1061 3143 1192 3210 Krueger.
1211 3159 1322 3212 gramm.

144 3230 241 3292 51,15.
270 3227 408 3282 Kuehner.
426 3241 537 3296 gramm.
551 3229 640 3296 555,3
657 3227 702 3296 (ΙΙ,
719 3243 746 3296 p.
764 3229 815 3283 915
832 3231 906 3296 see).
942 3227 1091 3282 Rehdsntz.
1109 3227 1144 3282 ed
1161 3227 1238 3284 Dem.
1256 3232 1281 3296 8,
1302 3234 1324 3284 1.

207 3363 208 3366 ,
231 3313 272 3378 **)
290 3311 367 3380 Quod
385 3312 479 3380 optimi
496 3311 559 3366 libri
577 3312 709 3382 praebent
727 3307 827 3382 ἐπειδή
846 3306 887 3382 γ’,
906 3311 1058 3366 defenditur
1076 3313 1141 3381 loci,
1165 3327 1244 3380 quem
1262 3329 1325 3381 pro-

145 3395 245 3448 ximum
272 3397 364 3466 posui,
392 3397 481 3451 verbis
510 3391 574 3450 ἀλλ’
600 3391 730 3466 ἀδελφήν
753 3413 795 3467 γε.
835 3397 973 3452 Sententia
995 3397 1052 3451 sine
1075 3396 1156 3450 dubio
1179 3396 1247 3450 haee
1270 3404 1324 3451 est:

145 3479 222 3533 mitto
240 3495 384 3550 quaerere,
403 3497 457 3550 qua
476 3481 582 3536 ratione
604 3482 750 3552 inscriptus
769 3481 818 3551 sis,
841 3481 908 3538 illud
929 3488 1033 3536 certum
1056 3488 1098 3536 est
1119 3488 1146 3535 te
1164 3481 1324 3549 inscriptum

147 3579 216 3618 esse.
257 3565 462 3636 Interpretatio,
493 3581 573 3634 quem
602 3565 743 3636 proposuit
769 3567 920 3624 voberenz.
948 3567 1053 3622 observ.
1080 3565 1218 3620 Demosth.
1241 3583 1267 3635 p.
1290 3571 1324 3623 26

143 3650 239 3719 „mitto
250 3664 332 3702 runc
353 3650 432 3718 illud,
456 3666 619 3720 quecunque
638 3653 675 3707 ris
692 3653 799 3706 ratione
816 3652 975 3722 inscriptus,
997 3657 1071 3706 certe
1089 3652 1156 3706 illud
1173 3667 1265 3705 verum
1282 3659 1325 3706 est

143 3741 184 3804 te,
207 3740 349 3802 postquem
370 3735 515 3805 inscriptus
533 3751 611 3808 eres,
634 3737 748 3806 elegisse
770 3737 981 3806 pulcherrimum
998 3736 1156 3805 fretorum“,
1179 3744 1325 3806 propterea

142 3819 291 3890 rejicienda
304 3825 353 3888 est,
367 3820 440 3888 quod
452 3823 586 3889 porticula
600 3820 634 3892 γέ
647 3823 743 3878 referri
760 3822 944 3878 tantummodo
962 3829 1052 3892 potest
1070 3822 1104 3878 sd
1119 3821 1202 3876 verbs
1221 3817 1322 3890 ἐπειδὴ

144 3899 322 4044 ἐνεγράφης,
348 3919 403 3958 non
425 3907 508 3959 etism
529 3907 564 3962 ad
585 3908 709 3978 proxima
732 3904 845 3970 εὐθέως
873 3903 907 3961 τδ
926 3901 1089 3961 4κάλλιστον
1116 3903 1238 3973 ἐξελέξω
1264 3911 1326 3960 τοῖν

160 4007 248 4060 ργων.

230 4077 289 4141 m)
306 4075 410 4131 Wurm.
429 4075 455 4130 h,
474 4075 491 4132 l.
509 4071 599 4131 τοῦτό
617 4071 651 4147 γε
669 4077 750 4133 scribi
768 4078 868 4145 voluit,
885 4084 914 4132 at
927 4077 1089 4146 particulam
1106 4072 1140 4145 γέ
1158 4092 1213 4158 ron
1230 4091 1326 4131 neees-

144 4160 244 4216 sariam
261 4173 321 4214 esse
339 4162 471 4229 probetur
489 4161 522 4217 D.
538 4165 578 4231 18,
597 4167 656 4232 261,
674 4165 720 4218 ubi
738 4165 767 4218 in
784 4163 843 4218 cod.
859 4164 887 4216 Σ
904 4161 1018 4232 aliisque
1036 4163 1117 4217 bonis
1135 4161 1211 4218 libris
1226 4162 1325 4218 omissa

144 4250 194 4314 est,
213 4250 240 4298 et
257 4245 309 4312 (D.)
326 4250 369 4314 25,
386 4251 427 4306 55.
464 4247 530 4304 Cum
547 4247 843 4317 εεῖίηιδεΙοοίεολΙ).
865 4251 1084 4318 18,1.16.114.
1114 4251 1155 4318 19,
1173 4249 1207 4304 94
1224 4253 1276 4302 etc.
