3098 4732
757 159 776 222 8

687 249 839 262 *nn-..-

176 346 389 425 τὰτοιαῦτα,
414 347 496 432 περὶ
518 336 564 410 ὧν
587 345 653 414 κτέ.
696 347 738 413 Ιε.
760 352 795 431 9,
816 351 855 416 51
887 341 932 416 ὧν
953 347 1031 428 τούς
1052 351 1113 433 μὲν
1136 345 1256 428 ἀλλους
1277 343 1352 416 δνο-

175 451 277 534 μαστλ
305 449 454 514 διελθεῖν
481 447 582 514 πολὺ
605 444 649 514 ἀν
677 448 793 537 ἔργον
822 451 891 540 ε’ίη.
935 450 1076 518 Κόνωνα
1100 451 1136 518 δὲ
1159 487 1199 500 -
1221 456 1272 530 τίς
1294 445 1353 516 ούκ

178 545 281 632 οίδεν,
312 547 364 616 ότι
395 548 459 616 κτὲ.
503 549 576 614 Din.
610 555 642 634 1,
673 555 713 618 37
750 576 797 640 sq.
837 551 896 619 ούκ
932 550 1168 642 ἀναμνήσεσθε
1198 551 1258 632 τάς
1288 557 1354 619 τῶν

177 659 415 740 πρεσβυτέρων
441 651 593 740 πράξεις,
621 656 654 722 οἳ
677 683 731 738 ·-,·
763 645 808 721 ὧν
834 653 911 734 τοὺς
936 656 997 738 μὲν
1025 652 1181 744 ἀρχαίους
1208 653 1354 732 ἐκείνους
1475 709 1481 720 .

176 754 325 842 μακρὸν
348 749 391 822 ἀν
415 753 473 843 ε’ίη
499 756 640 842 λέγειν,
657 753 864 848 Ἀριστείδην
882 760 938 824 καὶ
959 759 1197 841 Θεμιστοκλέα,
1214 754 1291 835 τοὺς
1305 793 1354 836 -,
1423 765 1427 771 ’

178 854 264 926 ἀλλὰ
280 860 376 926 ταυτὶ
390 854 434 924 τά
452 853 572 944 μικρὸν
587 854 654 942 πρὸ
668 864 728 946 τῆς
742 855 906 948 ἡμετέρας
924 854 1052 947 ήλικίας
1069 863 1270 948 γεγενημένα
1287 851 1354 924 ύπδ
1373 918 1379 932 ,
1407 887 1410 906 ·

178 958 340 1048 Κεφάλου
363 957 428 1028 κτὲ.
471 957 570 1026 Recte
592 958 765 1026 Μεελτηετ.
787 982 850 1026 acc.
871 964 966 1028 ταυτί
987 958 1030 1028 τὰ
1051 960 1117 1028 κτέ.
1160 961 1355 1048 cogitatione

177 1061 381 1127 referendum
399 1062 477 1126 dicit
495 1061 536 1126 ad
554 1084 744 1148 praegressa
763 1058 822 1129 ούκ
842 1059 1088 1151 ἀναμνήσεσθε.
1116 1061 1355 1141 cf.1).19‚145.

179 1163 220 1230 Is.
241 1167 272 1248 4,
296 1167 357 1232 106
380 1160 419 1253 ἢν
440 1166 633 1246 (πολιτείαν)
655 1160 723 1232 ούκ
746 1161 819 1232 οἶδ’
844 1163 905 1232 ὅτι
927 1165 989 1232 δεῖ
1010 1161 1075 1232 διά
1100 1169 1355 1250 μακροτέρων

180 1263 331 1334 ἐπαινεῖν
337 1314 347 1347 ,
379 1263 488 1346 άλλως
509 1290 546 1332 τε
569 1268 625 1332 καὶ
648 1265 818 1352 συντόμως
840 1265 958 1350 έχοντα
976 1267 1125 1356 δηλῶσαι
1146 1268 1227 1352 περὶ
1248 1263 1356 1354 αύτής.

176 1365 262 1452 μετὰ
288 1365 351 1456 γὰρ
377 1366 500 1458 ταύτης
526 1367 592 1436 κτὲ.
622 1371 735 1454 (praee,
757 1369 796 1434 cf.
817 1369 859 1434 Is.
882 1373 916 1451 3,
943 1371 1004 1452 351
1046 1368 1250 1450 Is.12‚105
1277 1370 1356 1453 περί

179 1461 224 1536 ὧν
256 1465 323 1536 ούκ
355 1463 432 1535 οἶδ’
465 1469 525 1537 ὅτι
555 1471 617 1537 δεῖ
646 1473 770 1538 πλείω
803 1474 969 1558 λέγοντα
1001 1471 1238 1556 διατρίβειν,
1267 1468 1355 1558 πλὴν

178 1569 230 1638 ότι
256 1571 322 1640 κτὲ.
348 1574 479 1657 (pram).
521 1573 562 1637 Is.
587 1576 640 1654 12,
668 1576 730 1640 126
756 1576 837 1660 περὶ
864 1566 903 1640 ού
930 1569 997 1660 πρό
1021 1574 1153 1641 πολλοῦ,
1174 1569 1214 1639 ἂν
1237 1572 1355 1662 ἐποιη-

179 1671 288 1762 σάμην
314 1672 360 1762 μὴ
388 1675 575 1757 διειλέχθαι
600 1673 765 1762 πρότερον
787 1678 869 1762 περὶ
890 1681 949 1763 τής
972 1673 1093 1763 ἀρετῆς
1120 1677 1176 1742 καλ
1202 1679 1269 1741 τῶν
1292 1697 1354 1744 πε-

179 1781 380 1862 πραγμένων
411 1772 509 1863 αύτῷ.
536 1814 576 1824 -
601 1776 712 1844 ἐκεῖνα
742 1778 803 1862 μὲν
831 1768 888 1845 οὖν
912 1776 1094 1863 ἐάσομεν,
1125 1775 1242 1866 ἐπειδή
1270 1773 1356 1861 πρὸς

177 1874 216 1946 τὸ
240 1876 350 1968 παρὸν
373 1878 634 1970 κατεχρησάμην,
655 1885 734 1964 μιᾶς
756 1879 793 1948 δὲ
815 1879 917 1963 μόνον
938 1877 1180 1969 μνησθήσομαι
1201 1878 1357 1968 πράξεως

179 1980 244 2048 κτὲ.
287 1980 328 2046 Ιε.
353 1985 407 2062 12,
429 1985 489 2048 211
519 1979 558 2060 ἀς
583 1986 835 2072 (πραγματείας)
856 1981 970 2062 πάσας
991 1983 1053 2066 μὲν
1080 1978 1209 2064 διεξιὼν
1231 1978 1356 2048 πολύν

178 2079 293 2174 ὄχλον
327 2081 481 2170 ἐμαυτῷ
512 2079 544 2148 τ’
579 2079 622 2150 ἀν
655 2082 901 2172 παράσχοιμι
932 2086 997 2152 καὶ
1031 2097 1119 2164 τοῖς
1155 2079 1356 2178 ἀκούουσρ,
1461 2125 1466 2135 ‚

100 2203 103 2210 '
176 2187 272 2266 μίαν
295 2183 336 2250 δὲ
358 2183 479 2268 μόνον
503 2182 610 2252 εἰπάν
629 2223 669 2234 -
694 2181 788 2269 οίμαι
810 2184 1129 2276 δηλιύσεινάπαντα
1150 2183 1208 2254 τὸν
1229 2183 1356 2272 τρόπον

178 2281 286 2352 αὐτῶν
319 2288 450 2371 (praem).
493 2285 534 2352 Is.
558 2289 613 2370 12,
640 2291 695 2354 191
734 2284 791 2368 ούς
826 2286 979 2367 ἅπαντας
1012 2289 1074 2372 μὲν
1112 2284 1198 2354 οὔθ’
1226 2283 1356 2372 εὑρεῖν

179 2384 257 2454 οὔτ’
287 2387 423 2455 εἰπεῖν
452 2383 497 2456 ἀν
525 2389 757 2479 δυνηθείην,
783 2388 1023 2478 παραλιπὼν
1050 2391 1087 2456 δὲ
1114 2386 1171 2458 τὸν
1197 2391 1357 2456 πλεῖστον

179 2487 277 2574 όχλον
298 2495 365 2558 τῶν
385 2527 425 2538 -
445 2485 491 2570 ὦς
518 2486 557 2558 ἀν
586 2490 733 2576 δύνωμαι
760 2492 996 2578 συντομώτατα
1023 2489 1229 2579 πειράσομαι
1250 2491 1358 2580 δηλῶ-

180 2615 237 2660 σαι
257 2591 335 2674 τούς
356 2590 382 2660 τ’
407 2593 473 2662 κτέ.
494 2597 624 2682 (praem).
664 2593 763 2660 Thuc.
785 2594 828 2676 ΙΙ,
849 2597 904 2676 36,
925 2585 947 2660 4
970 2585 1016 2660 ὧν
1039 2591 1104 2680 έγιδ
1125 2591 1168 2662 τὰ
1189 2593 1250 2676 μέν
1273 2588 1358 2658 κατὰ

180 2697 352 2782 πολέμους
378 2695 804 2788 ’ἔργα-μακρηγορεῖν
837 2696 876 2766 έν
908 2696 1059 2765 εἰδόσιν
1092 2693 1134 2796 σή
1165 2692 1359 2782 βουλόμε-

179 2822 258 2878 νος,
294 2796 406 2865 ἐάσω.
451 2799 489 2863 δε
516 2799 602 2864 verb.
640 2799 673 2866 έν
701 2798 824 2866 εἰδόσιν
852 2799 891 2864 cf.
922 2798 979 2880 IV,
1000 2801 1055 2882 59,
1078 2802 1107 2866 2.
1149 2797 1254 2864 Anax.
1276 2797 1358 2864 rhet„

179 2900 221 2966 29
243 2902 289 2984 (p.
311 2901 374 2967 215
402 2901 450 2966 ed.
472 2899 642 2986 Spengel.).
686 2899 784 2987 Gorg.
806 2899 878 2965 Hel.
905 2902 925 2966 5
952 2905 1010 2966 ελο.
1053 2900 1104 2980 (Is.
1128 2901 1182 2980 15,
1203 2901 1275 2966 259.
1318 2899 1359 2966 Is.

181 3002 236 3082 15,
266 3005 327 3070 139
354 3004 435 3090 περὶ
458 2993 503 3068 ὧν
526 2996 634 3090 ήδέως
656 2997 696 3068 ἀν
720 2997 996 3092 ἀπελογησάμην,
1023 3001 1059 3068 εί
1086 2999 1220 3086 καιρὸν
1244 2996 1360 3084 είχον.

179 3107 235 3169 νῦν
261 3103 297 3170 δὲ
320 3106 506 3189 ταῦταμὲν
530 3103 648 3186 ἐάσω,
670 3107 750 3191 περὶ
774 3103 917 3188 ἐμαυτοῦ
940 3105 977 3171 δὲ
1000 3108 1055 3172 καὶ
1074 3141 1113 3154 ·-
1133 3101 1236 3170 πάλιν
1259 3103 1360 3190 ποιή-

182 3229 285 3290 σομαι
306 3203 383 3285 τοὺς
405 3205 530 3294 λόγους.
573 3206 653 3274 Ιεεε.
675 3210 709 3288 3,
733 3210 770 3274 11
795 3209 876 3294 περὶ
900 3198 945 3272 ὧν
966 3207 1000 3275 εἰ
1021 3205 1151 3296 δεήσειε
1175 3201 1257 3272 καθ’
1281 3205 1360 3272 δέκα·

181 3329 260 3376 στου
287 3308 447 3392 διελθεῖν,
478 3305 538 3378 ούκ
570 3305 610 3376 ἀν
637 3307 740 3376 πάνυ
771 3307 912 3398 μικρόν
944 3308 1060 3398 ἔργον
1091 3314 1258 3396 γένοιτο.
1302 3304 1360 3376 ἐὰν

178 3410 240 3494 μὲν
263 3401 320 3478 οὖν
342 3406 436 3495 ὑμεῖς
463 3410 632 3501 κελεύητε,
658 3413 738 3500 περὶ
765 3409 862 3479 δνίων
887 3415 1078 3500 μνησθείην
1108 3407 1148 3476 ἀν
1171 3406 1297 3478 αὐτῶν·
1328 3409 1359 3476 εί

181 3509 218 3578 δέ
240 3536 325 3580 τισιν
347 3507 438 3598 ύμῶν
461 3509 562 3602 ἀηδὲς
593 3509 726 3580 ἀκούειν
754 3511 843 3582 ἐστίν
871 3549 926 3595 -,
956 3507 1058 3592 αύτάς
1088 3510 1148 3592 τὰς
1178 3519 1362 3600 μαρτυρίας

179 3615 388 3702 παρέξομαι.)
432 3615 504 3682 Huc
526 3615 630 3682 refero
653 3617 748 3682 otiam
772 3615 812 3680 D.
835 3617 890 3696 22,
914 3619 953 3682 12
977 3610 1071 3700 οἶμαι
1092 3611 1154 3702 γὰρ
1178 3611 1218 3682 ἀν
1239 3611 1358 3704 μηδέν’

178 3711 350 3804 ἇντειπεῖν
377 3712 422 3798 ὠς
448 3713 506 3804 ούχ
532 3713 594 3788 ὅσα
620 3716 764 3785 πώποτε
790 3723 829 3805 τῇ
858 3716 957 3785 πόλει
983 3723 1116 3802 γέγονεν
1140 3713 1160 3805 ἢ
1188 3722 1243 3784 νῦν
1266 3716 1357 3784 έστιν

180 3815 296 3906 ἀγαθὰ
315 3816 335 3908 ἢ
352 3817 493 3907 θάτερα,
513 3819 569 3888 ἵνα
586 3821 691 3911 μηδὲν
710 3821 798 3888 ε’ίπω
818 3822 976 3909 φλαῦρον,
995 3818 1032 3886 έκ
1049 3823 1109 3908 τῆς
1130 3824 1197 3886 τῶν
1220 3815 1362 3906 τριήρων

178 3917 300 4006 τὰμὲν
323 3919 471 4011 κτήσεως
492 3920 534 3990 τὰ
556 3919 588 3990 δ’
609 3921 776 4002 ἀπουσίας
797 3929 940 4010 γέγονεν.
976 3919 1048 3988 οίον
1071 3917 1201 3989 πολλὰ
1222 3921 1293 4002 μὲν
1317 3915 1363 3986 άν

178 4047 237 4102 τις
264 4021 349 4108 ἐ’χοι
375 4025 504 4110 λέγειν
532 4027 588 4092 καί
615 4021 745 4092 παλαιὰ
772 4025 828 4092 καί
856 4022 961 4092 καινά.
1005 4021 1026 4090 ἀ
1052 4019 1085 4089 δ’
1111 4013 1168 4088 οὖν
1190 4026 1276 4088 πᾶσι
1299 4019 1365 4104 μά·

180 4121 261 4192 λιστ’
291 4121 432 4194 ἀκοῦσαι
457 4123 621 4214 γνιύριμα,
651 4131 749 4196 τοῦτο
775 4126 838 4211 μὲν
866 4123 945 4207 κτλ,
975 4147 1040 4212 quo
1067 4125 1137 4190 1000
1164 4123 1299 4190 fortasse
1326 4121 1366 4188 δε

178 4223 292 4292 Wolfii
314 4227 500 4312 conjectura
521 4250 581 4314 pro
602 4226 677 4296 olor
698 4227 904 4296 scribendum
926 4229 977 4294 est
999 4224 1064 4294 σία
1103 4223 1144 4294 τί.
1166 4223 1248 4292 Ρλεῖ.
1271 4225 1366 4312 ApoL
