3098 4732
69 929 71 934 .
199 862 289 952 μυρί’
315 863 427 930 εἰπεῖν
449 863 542 947 ἔχων.
721 939 723 943 ,
1375 899 1383 918 ·

250 1043 253 1050 Ι
284 965 367 1032 Plai.
388 965 486 1051 Hipp.
507 965 581 1049 maj.
604 965 698 1032 2820
720 967 776 1031 καί
797 960 840 1030 τὰ
861 964 922 1048 μὲν
944 961 1030 1031 ἄλλα
1052 963 1110 1032 λῶ.
1153 965 1268 1030 Aesch.
1288 969 1316 1046 1,
1334 968 1373 1032 81

769 151 810 216 10

201 335 232 415 5)
253 332 422 419 Expositio
445 357 464 400 ε
485 337 645 421 particula
666 341 724 402 καί
744 337 873 402 initium
896 336 992 420 capit.

287 455 325 521 D.
350 456 483 537 19,175
512 449 611 534 αὐτὸς
636 452 667 521 δ’
698 454 768 542 ἰδίᾳ
794 451 907 520 πάντα
938 449 996 520 τὸν
1020 449 1139 539 χρόνον
1172 449 1376 539 ἐντυγχάνων

202 553 271 624 οὐδ’
299 552 408 624 ὁτιοῦν
436 556 606 625 ἐπαύσατο
638 559 810 644 Φιλίππῳ.
859 558 914 622 καὶ
944 553 986 622 τδι
1015 555 1077 638 μὲν
1109 552 1193 621 ἄλλα
1224 560 1375 638 σιωπῶ,

202 658 370 747 Δερκύλος
392 655 423 725 δ’
447 655 547 725 αὐτόν
570 657 605 726 δν
631 667 757 744 Φεραῖς
778 657 837 746 τὴν
856 653 944 725 νύκτ’
966 655 1156 746 ἐφύλαττεν.
1191 657 1231 722 D.
1244 661 1295 739 21,
1313 659 1376 724 116

201 764 256 828 καί
277 758 403 845 τὰμὲν
425 759 510 829 ἄλλα
532 765 661 830 σιωπῶ.
696 760 736 826 D.
758 763 809 842 21,
832 763 893 827 132
916 756 1035 826 καὶτὰ
1056 760 1117 844 μὲν
1140 757 1225 827 ἄλλα
1248 763 1377 841 σιωπῶ,

200 1071 256 1136 καί
281 1067 324 1135 τὰ
349 1069 411 1152 μὲν
437 1064 568 1134 παλαιὰ
594 1065 706 1135 ἐάσω.
748 1065 806 1148 (D.)
828 1067 878 1147 25,
900 1069 920 1132 9
947 1069 1042 1134 9137
1066 1069 1122 1134 καὶ
1142 1064 1185 1133 τό
1206 1068 1267 1152 μὲν
1290 1064 1376 1134 όλλα

200 1169 299 1238 ἐάσω.
342 1170 381 1236 D.
401 1173 528 1252 18,131
553 1171 609 1236 καί
631 1170 711 1256 περί
735 1161 780 1234 ὧν
801 1173 863 1252 μέν
886 1166 958 1234 ἐστί
978 1191 1028 1246 τις
1051 1163 1307 1258 ἀμφισβήτησις,
1330 1164 1377 1248 ὡς

200 1269 253 1360 ἄρ’
277 1267 363 1362 ύπὲρ
390 1277 450 1360 τῆς
477 1269 611 1350 πόλεως
637 1271 778 1361 ε’ίρηκεν,
805 1267 912 1337 ἐάσω·
940 1266 1014 1336 ἃδ
1040 1264 1126 1358 ὑπὲρ
1152 1275 1219 1337 τῶν
1243 1270 1375 1358 ἐχθρῶν

200 1380 355 1464 φανερῶς
382 1369 571 1463 ἀπεδείχθη
599 1371 768 1460 πράττων,
797 1370 891 1439 ταῦτ’
916 1370 1094 1462 ἀναμνήσω
1121 1372 1310 1454 (ἐπιείκεια,
1336 1372 1374 1438 cf.

198 1476 351 1563 Hermog.
373 1478 413 1543 de
434 1477 476 1541 id.
498 1475 540 1558 ΙΙ,
562 1478 625 1542 314
647 1474 830 1560 Spengel.).'

284 1579 446 1661 Aesch.3,
466 1580 527 1644 118
550 1579 606 1644 καὶ
627 1574 705 1655 τούς
726 1577 787 1660 μὲν
807 1574 927 1655 ἄλλους
949 1574 1066 1662 λόγους
1087 1570 1375 1666 ὑπερβήσομαι

200 1679 299 1769 ἐπῄει
322 1677 352 1747 δ’
378 1675 434 1748 οὖν
456 1705 515 1765 μοι
535 1683 729 1768 μνησθῆναι
746 1678 812 1746 κτί.
846 1680 901 1760 (sic
919 1677 1082 1744 Weidner.
1106 1677 1240 1767 ἐπῆλθε
1263 1679 1300 1746 δέ
1317 1703 1376 1764 μοι

148 1846 150 1853 .
201 1782 260 1852 ἐπί
281 1779 341 1871 τήν
362 1781 495 1872 γνώμην
517 1807 570 1866 μν.
592 1780 751 1862 διοδεύει).

288 1885 329 1951 λε.
359 1887 412 1967 14,
443 1887 484 1952 27
516 1885 572 1950 καί
601 1879 662 1962 τὰς
691 1884 752 1968 μὲν
784 1881 935 1962 παλαιὰς
971 1883 1157 1968 προδοσίας
1191 1879 1292 1951 πολὺ
1332 1879 1376 1951 δν

199 1988 316 2076 ἐ’ργον
340 1987 398 2075 ε’ίη
423 1989 540 2071 λέγειν.
571 1985 612 2051 Is.
632 1988 741 2068 19,18
764 1988 820 2053 καί
842 1988 922 2074 περί
943 1987 1005 2069 μὲν
1028 1990 1093 2052 τῶν
1115 1987 1270 2053 παλαιῶν
1288 1983 1377 2054 πολὺ

199 2087 238 2158 ἂν
268 2089 365 2178 ἔργον
393 2087 444 2176 ε’ίη
473 2089 589 2175 λέγειν.
632 2087 690 2169 (1).)
716 2090 771 2170 59,
793 2092 832 2155 91
862 2092 917 2155 καί
947 2085 1025 2168 τοὺς
1054 2090 1116 2174 μὲν
1141 2085 1290 2177 πολλοὺς
1320 2092 1377 2156 καί

199 2190 365 2270 παλαιούς
392 2189 508 2280 ἔργον
536 2188 770 2280 διηγήσασθαι
815 2189 913 2255 Thur.
936 2189 992 2271 IV,
1014 2192 1065 2272 59,
1085 2194 1108 2258 2
1134 2194 1191 2259 καί
1213 2194 1293 2280 περί
1313 2191 1376 2276 μὲν

198 2331 238 2344 -
261 2301 299 2384 τί
326 2291 370 2360 ἄν
396 2317 457 2372 τις
485 2297 555 2360 πᾶν
576 2291 615 2359 τὸ
639 2287 713 2360 ἐνόν
737 2291 880 2380 ἐκλέγων
904 2292 938 2360 ἐν
962 2291 1068 2361 εἰδόσι
1093 2299 1375 2396 μακρηγοροίη;

199 2397 243 2464 Ιε.
262 2401 292 2478 9,
309 2399 349 2463 31
370 2399 426 2463 καί
447 2393 538 2476 τοὺς
558 2397 620 2482 μὲν
643 2394 877 2483 θορύβους-
899 2393 1076 2476 καὶτοὺς
1099 2395 1226 2486 φόβους
1249 2433 1289 2446 -
1312 2401 1376 2466 καὶ

197 2496 267 2580 τὰς
290 2497 552 2586 παρακελεύσεις
573 2533 613 2548 ·-
636 2504 675 2566 τί
696 2499 759 2565 δεῖ
780 2500 946 2584 λέγοντα
969 2499 1206 2584 διατρίβειν,·
1227 2499 1267 2566 Is.
1284 2503 1315 2584 4,
1331 2503 1372 2568 97

198 2605 254 2670 καὶ
275 2599 365 2680 τούς
386 2601 448 2686 μὲν
470 2599 642 2688 θορύβους
665 2637 705 2648 -
728 2601 793 2667 καὶ
818 2596 889 2680 τός
911 2597 1057 2687 κραυγὰς
1079 2603 1143 2667 καὶ
1168 2599 1237 2680 τὰς
1263 2627 1375 2690 παρα-

198 2703 366 2783 κελεύσεις
389 2739 429 2752 -
452 2699 522 2770 οὐκ
545 2698 619 2770 οἶδ’
645 2700 705 2770 ότι
727 2703 791 2770 δεῖ
812 2705 978 2790 λέγοντα
1001 2703 1234 2792 διατρίβειν.

282 2807 361 2872 lsae.
386 2813 413 2888 l,
435 2809 474 2871 31
508 2807 565 2872 καὶ
596 2803 634 2888 ἐξ
662 2797 708 2871 όν
739 2806 801 2889 μὲν
830 2842 870 2852 -
899 2803 1112 2893 περίεργόν
1144 2803 1227 2872 ἐστι
1259 2807 1375 2891 λέγειν.

196 2908 281 2974 And.
303 2911 332 2990 2,
355 2910 394 2973 21
423 2903 479 2973 καὶ
507 2901 552 2985 ὡς
577 2907 639 2991 μὲν
661 2941 717 2987 -,
744 2902 857 2973 οὐδὲν
888 2903 1089 2995 προύργου
1117 2902 1255 2975 ἀκούσαι
1281 2902 1376 2986 ύμῖν·

196 3008 238 3078 τὰ
266 3009 302 3076 δὲ
329 3011 400 3076 νυνὶ
426 3010 591 3094 βούλομαι
616 3003 702 3092 όμᾶς
731 3007 869 3090 ελδέναι,
899 3001 951 3076 ότι
976 3008 1042 3076 κτὲ.
1080 3008 1144 3075 Pro
1170 3007 1213 3076 τὰ
1240 3011 1277 3077 δὲ
1305 3013 1375 3078 νυνὶ

197 3113 370 3198 suspiceris
392 3109 472 3178 τάδε
501 3112 538 3178 δὲ
565 3113 635 3178 νυνὶ
662 3111 864 3176 scribendum
890 3131 971 3196 ess03
1001 3111 1040 3176 ef.
1064 3116 1092 3195 1,
1114 3115 1134 3179 0
1160 3108 1203 3178 τὰ
1228 3113 1290 3197 μὲν
1317 3103 1374 3179 οὖν

196 3215 309 3282 δίκαια
331 3211 523 3300 γιγνώσκειν
546 3208 631 3293 όαᾶς
653 3207 793 3302 ἡγοῦμαι
816 3215 872 3280 καὶ
891 3209 1009 3294 αὐτούς
1027 3215 1306 3301 παρεσκευάσθαι
1326 3251 1374 3278 -.

194 3315 275 3384 τάδε
306 3316 344 3384 δὲ
377 3310 468 3399 ύμῶν
499 3316 628 3401 δέομαι.
673 3317 743 3382 140.
765 3316 842 3381 Ant.
864 3317 894 3397 5,
916 3319 966 3384 30.
997 3319 1027 3398 6,
1049 3319 1100 3384 28.
1131 3316 1172 3382 Ιε.
1195 3320 1224 3398 7,
1245 3319 1296 3384 66.
1324 3317 1374 3398 18,

134 3434 137 3443 ·
194 3423 244 3486 23.
266 3423 317 3486 31.
360 3417 460 3484 Thac.
482 3417 555 3500 vn,
576 3421 627 3500 ω,
651 3421 678 3484 1.
701 3455 741 3465 -
764 3418 847 3483 And.
872 3422 899 3500 1,
923 3421 992 3485 ιω.
1018 3417 1095 3504 150.
1118 3421 1167 3485 14.
1189 3421 1239 3486 τε.
1265 3417 1304 3484 ο.
1324 3421 1374 3508 18,

194 3523 266 3588 232.
293 3557 333 3568 -
359 3519 418 3602 (1).)
441 3523 470 3602 7,
492 3523 542 3588 37.
572 3519 646 3606 Lys.
670 3523 720 3600 13,
740 3523 791 3602 52,
813 3521 852 3586 de
874 3521 992 3606 quibus
1014 3521 1094 3586 alias
1116 3521 1296 3587 accuratius
1317 3541 1373 3586 ex·

193 3643 320 3708 ponam.
368 3621 524 3689 Similiter
550 3621 660 3689 Cicero
690 3623 809 3710 plurali
838 3623 909 3689 illa
939 3645 1016 3689 usus
1042 3625 1104 3706 es13
1135 3623 1198 3689 vid.
1225 3622 1371 3709 Seyffert.

193 3723 291 3792 schol.
323 3723 394 3790 Lat.
426 3747 456 3811 p.
478 3727 520 3792 62
552 3725 600 3791 ed.
625 3725 684 3790 111.
736 3727 782 3792 At
812 3727 969 3792 librorum
999 3725 1160 3812 scriptura
1190 3725 1373 3792 defenditur

191 3825 307 3894 Aesch.
331 3830 365 3910 3,
390 3829 447 3910 64,
477 3825 534 3892 ubi
555 3827 618 3893 vid.
640 3827 803 3894 Weidner.
850 3829 893 3900 Is.
918 3831 967 3912 12,
991 3831 1060 3896 102.
1091 3825 1172 3894 Xon.
1195 3825 1277 3896 Holl.
1299 3825 1374 3909 Vll,

191 3931 221 4010 5,
246 3931 294 4010 12,
321 3929 378 3996 ubi
404 3927 444 3994 ef.
469 3929 776 3997 Bueohsenschuetz.
800 3929 881 3996 Plal.
903 3929 997 4016 Apol.
1019 3933 1088 3998 390
1110 3935 1170 3996 ete.

276 4029 317 4096 ls.
341 4035 391 4114 14,
412 4033 455 4099 40
480 4033 536 4100 καὶ
557 4031 649 4101 ταῦτ’
675 4031 743 4101 δπλ
770 4031 968 4104 πλειόνων
993 4035 1064 4118 μὲν
1091 4029 1135 4099 δν
1158 4056 1215 4112 τις
1241 4055 1372 4119 παρα-

190 4131 411 4220 δειγμάτων
439 4133 524 4219 δ’χοι
545 4136 715 4204 διελθεῖν·
737 4131 779 4202 τὰ
802 4129 833 4202 δ’
858 4127 915 4202 οὖν
938 4133 994 4224 ἐφ’
1021 4129 1113 4222 ἡμῶν
1137 4131 1297 4220 γενόμενα
1319 4140 1371 4214 τίς

190 4229 249 4302 οόκ
272 4229 372 4320 οἶδεν,
395 4233 446 4304 ὅτι
468 4235 534 4305 κτλ.
