3098 4732
724 203 972 298 m36—ae

216 384 358 480 ἡγοῦμαι
384 393 493 456 τοίνυν
521 383 639 456 λοιπὸν
667 383 753 456 εἶναί
775 415 834 473 μοι
860 393 940 479 περί
966 396 1024 458 τοῦ
1047 389 1254 478 κηρύγματος
1276 388 1390 458 εἰπεῖν

217 494 272 558 καὶ
302 495 369 557 τῶν
401 485 567 556 εὐθυνῶν·
598 485 635 556 τὸ
666 487 728 576 γὰρ
762 486 807 570 ὥς
836 489 977 580 τᾶριστά
1005 488 1035 558 τ’
1065 491 1232 578 ἔπραττον
1263 493 1320 560 καί
1341 529 1390 575 -.-,

218 595 339 674 ἱκανῶς
363 591 400 660 ἐκ
425 597 491 660 τῶν
519 591 702 681 εἰρημένων
729 594 956 684 δεδηλῶσθαί
965 620 1024 680 μοι
1044 594 1175 678 νομίζω.
1212 599 1319 664 καίτοι
1345 594 1388 662 τὰ

214 693 355 782 μέγιστά
385 720 422 782 γε
453 699 519 762 τῶν
550 697 846 779 πεπολιτευμένων
882 700 939 764 καί
972 702 1220 785 πεπραγμένων
1256 694 1389 782 ἐμαυτῷ

215 801 469 883 παραλείπω,
499 795 746 882 ὑπολαμβάνων
774 798 839 865 nri.
866 799 1090 880 etAesch.2‚
1113 800 1174 864 118
1204 797 1260 866 ἵνα
1282 798 1319 864 di
1341 795 1386 886 μὴ

215 901 374 986 διατρίβω
402 937 442 948 -
471 897 613 980 διεξιών,
641 897 676 966 ἐν
703 902 877 989 κεφαλαίῳ
904 905 986 990 περὶ
1012 899 1148 968 πάντων
1171 897 1279 968 εἰπών
1300 899 1388 968 παύ-

215 1024 333 1102 σομαι..
359 997 388 1090 ἡ
411 1002 472 1086 μὲν
494 997 572 1089 τύχη
592 1038 641 1063 -.
685 1001 830 1089 πότερον
867 998 923 1071 οὖν
961 999 978 1071 ὃ
1005 1004 1116 1094 μηδὲν
1145 1005 1391 1093 προθυμηθείς

214 1101 425 1193 ἐργάσασθαι
447 1098 576 1188 ἀγαθὸν
600 1102 726 1182 δίκαιός
749 1102 837 1172 ἔστιν
865 1101 1021 1190 εὐδοξεῖν,
1051 1102 1073 1194 ἢ
1099 1100 1116 1172 ὃ
1144 1106 1248 1196 μηδὲν
1276 1099 1320 1172 ὧν
1347 1109 1390 1194 ἠν

214 1202 353 1284 δυνατὸς
376 1205 555 1286 illatarum
582 1203 617 1272 ἐν
640 1204 676 1272 δὲ
699 1211 746 1292 τῷ
768 1205 911 1295 παρόντι
932 1211 1003 1276 νυνί
1025 1203 1137 1276 πολλὰ
1159 1207 1214 1276 διὰ
1234 1207 1292 1276 τὸν
1315 1233 1389 1276 και·

213 1305 272 1405 ρὸν
299 1308 546 1395 παραλείπω.
589 1306 820 1376 Demosthenes
851 1311 937 1376 enim
964 1311 1032 1394 jam
1056 1331 1142 1376 nove
1163 1331 1198 1374 re
1219 1309 1385 1393 proposita

212 1433 278 1476 non
305 1411 425 1490 omnia,
456 1432 537 1495 quae
567 1409 601 1476 in
628 1410 774 1476 absoluta
800 1416 893 1496 perte
919 1413 981 1478 dici
1007 1412 1185 1497 potuerint,
1216 1433 1249 1476 se
1274 1431 1383 1495 perse·

213 1516 323 1578 cutum
345 1533 412 1578 esse
434 1511 494 1594 ait;
514 1510 689 1578 Aeschines
711 1535 787 1579 vero
808 1514 892 1580 idem
913 1515 1093 1599 profitetur,
1105 1509 1285 1599 'postquam
1303 1533 1385 1596 quac

141 1626 145 1634 '
214 1619 309 1682 antea
340 1617 530 1698 exposuerat
560 1615 651 1682 brevi
681 1611 973 1704 ἆνανεφαλαιαίσει
1003 1617 1185 1702 complexus
1213 1618 1262 1680 est
1293 1615 1386 1699 eique

213 1716 367 1784 adnexuit
390 1716 631 1782 conclusionem.

645 1923 951 1934 ——-.-

586 2145 710 2218 PARS
736 2144 1010 2218 POSTERIOR.

296 2327 453 2404 Quoniam
475 2329 713 2413 praeteritionis
737 2329 881 2412 exempla
903 2329 1075 2414 generibus
1101 2331 1311 2415 partibusque
1333 2330 1383 2396 di-

211 2432 350 2498 stributa
370 2431 532 2516 proposui,
552 2432 734 2515 proximum
758 2436 807 2496 est
829 2435 866 2496 ut
888 2436 1071 2516 quaeratur,
1094 2432 1234 2517 quibus
1255 2432 1382 2498 verbis

211 2537 247 2598 et
278 2533 541 2602 locutionibus
573 2533 826 2618 qualibusque
858 2533 1010 2600 dicendi
1041 2535 1277 2600 ornamentis
1308 2553 1380 2598 ora·

209 2641 294 2702 tores
316 2636 376 2700 hac
398 2636 432 2712 in
454 2635 560 2720 figura
581 2636 645 2712 usi,
658 2637 732 2702 sint
774 2633 859 2700 Nam
881 2637 941 2701 etsi
963 2636 997 2700 in
1019 2636 1252 2721 perscribendis
1274 2635 1382 2720 dispo·

208 2727 386 2823 mendisque
412 2737 564 2822 exemplis
592 2737 765 2823 diligenter
791 2759 920 2822 operam
947 2738 1032 2820 dedi,
1057 2741 1094 2804 ut
1120 2759 1230 2804 omnes
1256 2737 1306 2804 uel
1331 2759 1383 2802 me

208 2863 275 2906 non
295 2843 446 2904 monente
469 2839 547 2904 baec
564 2840 627 2923 ipsi
644 2840 706 2904 sibi
727 2840 791 2904 levi
812 2840 921 2906 labore
944 2840 1094 2925 colligere
1115 2843 1382 2922 possusumus

209 2963 275 3006 non
302 2941 442 3006 alienum
468 2940 536 3006 iore
562 2945 656 3024 puto,
681 2941 709 3006 si
735 2941 841 3006 minus
868 2943 987 3023 omnia,
1013 2964 1095 3026 quae
1121 2942 1184 3006 huo
1209 2943 1385 3028 pertinent,

208 3047 243 3109 et
268 3042 396 3128 potiora
423 3046 508 3108 certe
531 3042 600 3126 jam
627 3043 687 3108 sub
714 3064 813 3108 unum
844 3043 1030 3128 adspectum
1061 3043 1224 3126 subjicere.
1272 3043 1381 3127 Atque

206 3151 244 3212 ut
262 3168 282 3212 a
302 3144 547 3228 simplicioribus
564 3145 754 3230 progrediar
772 3145 813 3209 ad
835 3146 1043 3230 exquisitiora
1064 3149 1097 3210 ct
1118 3146 1288 3228 limatiora,
1308 3167 1382 3210 cum

207 3271 275 3315 rem
297 3247 438 3332 aliquam
461 3269 494 3312 se
515 3247 745 3332 praeterituros
767 3247 925 3330 dicebant,
946 3247 1073 3314 verbis
1095 3247 1128 3314 id
1150 3247 1200 3314 his
1219 3247 1382 3334 significa·

207 3351 301 3418 bant:
333 3353 465 3416 σιωπᾶν
491 3351 583 3435 (σιγῶ
610 3349 707 3414 semel
733 3369 806 3414 cum
833 3370 895 3414 acc
914 3349 1064 3433 junctum
1085 3349 1246 3436 reperitur
1267 3348 1382 3416 Aesch.

206 3455 237 3534 3,
245 3452 326 3534 225),
349 3447 494 3540 ἀφιέναι,
512 3455 679 3538 παριέναι,
697 3453 921 3540 ὑπερβαίνειν,
938 3453 1173 3540 παραλείπειν,
1196 3451 1263 3519 ἐᾶν.
1293 3451 1380 3526 Quo·

206 3575 278 3620 rum
295 3555 382 3638 quod
404 3554 543 3639 primum
565 3553 677 3638 scripsi
699 3559 841 3635 σιωπᾶν,
862 3553 959 3638 hujus
976 3554 1009 3618 in
1027 3554 1256 3638 praeteritione
1277 3554 1382 3620 solum

206 3676 389 3740 praesens
410 3655 584 3738 inuenitur,
605 3655 755 3741 solusque
773 3677 810 3722 eo
828 3657 955 3722 uidetur
977 3679 1054 3722 usus
1072 3677 1141 3722 esse
1159 3654 1382 3722 Demosthe·

205 3777 270 3824 nes
294 3759 323 3838 3,
345 3759 396 3825 21.
422 3759 451 3842 8,
473 3759 524 3826 63.
546 3761 575 3839 9,
597 3759 647 3826 26.
668 3760 720 3825 60.
749 3761 798 3841 18,
820 3761 891 3826 268.
919 3761 968 3838 19,
991 3757 1061 3824 145.
1081 3759 1150 3824 115.
1168 3759 1240 3826 331.
1262 3759 1313 3840 20,
1329 3759 1382 3824 33.

206 3860 351 3946 21,116.
374 3861 445 3928 132.
488 3857 642 3926 Juuotum
664 3865 714 3926 est
735 3861 796 3926 hoo
813 3862 946 3928 verbum
969 3881 1041 3926 cum
1067 3880 1179 3926 cnunc
1201 3859 1257 3926 rel.
1279 3861 1308 3941 8,
1329 3859 1382 3926 63.

205 3965 248 4044 (9,
268 3961 363 4044 5019
410 3959 510 4028 Verbi
542 3957 704 4052 ἀφιέναι
738 3983 919 4047 praesens
949 3967 1125 4048 usurpatur
1154 3961 1195 4026 Ia
1218 3963 1253 4042 9,
1273 3963 1312 4028 21
1345 3963 1381 4026 et

293 4199 317 4266 ³)
343 4197 380 4254 lis
397 4197 478 4268 leur,
496 4197 529 4254 de
547 4199 645 4268 quibus
661 4198 730 4254 nihil
746 4199 846 4268 monui,
864 4197 1054 4268 praetereundi
1074 4197 1235 4252 resbacum
1252 4209 1308 4254 acc.
1323 4193 1380 4264 obj.

205 4284 350 4356 conjuncto
367 4293 436 4340 sunt.
