3098 4732
704 160 746 222 33

648 249 801 260 ..,-..——

137 347 355 434 συμβουλεύει
381 346 581 414 παύσασθαι
606 348 748 438 λέγοντι,
774 347 831 414 καλ
855 371 894 412 το
920 351 1027 435 μῆκος
1052 345 1231 432 τοῦλόγου
1255 351 1310 415 καὶ

136 447 175 518 τὸ
197 452 334 538 πλῆθος
355 454 421 516 τῶν
441 449 523 518 ἐτῶν
540 453 607 516 τῶν
626 447 729 534 ἐμῶν·
751 461 823 527 τοῖς
845 449 882 514 δὲ
904 455 1080 536 νεωτέροις
1098 485 1138 498 -
1156 455 1312 537 παραινῶ

138 552 203 619 κτὲ.
228 553 328 636 (epil.)
372 550 538 636 Scriptura
565 547 668 618 όντων
697 554 746 632 11,
768 553 810 616 44
837 554 870 616 et
898 553 947 632 14,
970 553 1012 618 63
1033 551 1226 618 auctoritate
1250 552 1311 618 Ur·
1377 631 1392 642 ,
1499 505 1512 516 κ

137 655 257 720 binatis
284 655 410 734 nititur,
436 675 534 738 quam
556 653 631 736 jure
658 656 784 718 secutus
811 655 859 716 est
885 651 1055 732 Benseler,
1081 653 1179 738 vulgo
1206 655 1312 720 editur

138 754 289 824 ἐνόντων.
327 754 503 839 Partieipio
525 755 616 820 verbi
637 754 789 838 simplicis
812 754 915 818 utitur
938 754 1034 818 etiem
1048 753 1170 839 'Lysias
1190 760 1239 838 12,
1257 757 1312 840 955

139 860 178 924 ee
206 861 235 941 e,
258 858 319 924 ιω
346 855 385 922 ιε
407 859 437 938 5,
460 842 530 923 αὐ.
563 860 590 936 ι,
615 859 663 922 ιτ.
696 858 744 937 15,
767 859 838 922 εσυ.
871 859 919 937 ιε,
941 860 991 922 39.
1021 857 1119 922 reue.
1141 857 1198 940 ιν,
1219 860 1269 940 ω,
1292 861 1312 924 2

139 981 284 1044 quaeque
307 960 546 1024 adnotaverunt
569 957 751 1024 Schneider.
769 962 801 1024 et
821 957 1068 1024 Rauehenstein.
1091 961 1131 1024 ad
1152 959 1193 1026 Ie
1213 964 1241 1041 7,
1264 963 1314 1042 λλ,

141 1061 279 1128 Classen.
302 1063 343 1126 ad
366 1062 465 1126 Thne.
487 1061 507 1124 1.
529 1061 549 1124 l.
645 1131 649 1140 Δ
1028 1061 1030 1066 ’

225 1163 305 1228 Cum
322 1168 414 1248 parte
432 1163 658 1248 exemplorum,
676 1183 758 1246 quae
775 1163 905 1246 protuli,
924 1164 1103 1248 comparari
1120 1167 1227 1248 potest
1245 1165 1313 1250 epi·
1429 1197 1430 1200 Ι

138 1267 233 1352 lngus
253 1265 368 1350 Lysiae
383 1267 485 1344 31‚34
505 1261 602 1330 ἱκανοί
615 1289 674 1347 μοι
691 1263 813 1347 νομίζω
834 1264 1003 1352 εἰρῆσθαι,
1021 1271 1164 1351 καίπερ
1183 1265 1314 1336 πολλά

138 1393 179 1454 γε
203 1366 458 1455 παραλιπών·
482 1363 567 1433 ἀλλὰ
588 1363 736 1432 πιστεύω
759 1360 836 1449 ὑμῖν
859 1365 926 1432 κτέ.

224 1473 254 1551 4)
274 1470 315 1534 Is.
339 1473 367 1550 1,
390 1474 427 1538 11
458 1469 645 1538 ἐπιλίποι
673 1463 704 1533 δ’
738 1463 781 1534 ἐν
809 1462 910 1556 ἡμᾶς
941 1463 958 1534 ὅ
989 1473 1069 1547 πᾶς
1099 1467 1252 1553 χρόνος,
1283 1469 1315 1538 εί

138 1570 269 1650 παίσας
294 1567 354 1650 τὰς
381 1571 509 1638 ἐκείνου
537 1569 677 1656 πράξεις
704 1576 1125 1660 καταριθμηοαίμεθα.
1169 1568 1254 1640 ἀλλὰ
1275 1571 1314 1640 τὸ

97 1695 103 1710 ·
135 1675 197 1758 μὲν
226 1673 360 1762 ἀκριβές
388 1669 495 1738 atter
523 1671 558 1738 ἐν
587 1671 712 1758 ἑτέροις
741 1686 868 1760 καιροῖς
895 1671 1099 1762 δηλώσομεν,
1126 1675 1247 1762 δεῖγμα
1276 1675 1312 1742 δέ

137 1781 197 1864 τῆς
221 1772 414 1844 Ἱππονίκου
443 1773 577 1862 φύσεως
603 1777 659 1838 νῦν
682 1773 928 1863 ἐξενηνόχαμεν,
953 1772 1040 1861 πρὸς
1062 1773 1098 1842 ὃν
1121 1777 1175 1844 δεῖ
1197 1778 1252 1864 ζῆν
1275 1801 1314 1844 σε

138 1877 204 1944 κτὲ.
246 1877 287 1942 Is.
310 1880 338 1959 6,
361 1880 400 1944 81
426 1876 581 1944 ἐπιλίποι
604 1873 634 1942 δ’
659 1871 698 1942 ἐν
720 1872 759 1942 τὸ
782 1876 900 1944 λοιπὸν
922 1883 1024 1965 μέρος
1045 1883 1104 1966 τῆς
1127 1875 1261 1966 ἡμέρας,
1284 1879 1315 1944 ελ

20 2025 30 2040 ,
75 1991 79 1998 ’
136 1974 196 2056 τὰς
214 1980 410 2060 πλεονεξίας
427 1977 489 2058 τὰς
508 1978 667 2062 ἐσομένας
686 1980 813 2064 λέγειν
837 1978 1173 2068 ἐπιχειρήσαιμεν.
1206 1979 1314 2048 ἐκεῖνο
1391 2046 1394 2052 ,

137 2077 167 2146 δ’
197 2071 263 2147 οὖν
286 2085 372 2148 πᾶσι
397 2080 551 2170 φανερόν,
578 2078 629 2146 ὅτι
652 2079 716 2146 nat.
738 2079 938 2162 (ἐπιλείπειν
961 2082 993 2146 vi
1015 2082 1223 2148 intransitiva
1245 2083 1313 2146 die·

136 2185 207 2247 tum
228 2187 266 2248 nt
289 2183 361 2268 Lys.
386 2187 436 2264 12,
460 2185 531 2265 w)
573 2182 614 2248 Ie.
638 2186 667 2264 8,
688 2183 730 2250 56
754 2181 942 2250 ἐπιλίποι
969 2180 999 2250 δ’
1025 2181 1068 2250 όν
1090 2208 1137 2267 με
1163 2181 1205 2249 τὸ
1232 2185 1315 2250 λοι-

136 2283 211 2350 πὸν
233 2291 352 2372 μέρος
373 2290 441 2374 τῆς
464 2281 622 2372 ἡμέρας,
649 2285 681 2352 εἰ
707 2283 838 2362 πόσας
859 2281 919 2364 τὰς
942 2286 1173 2374 πλημμελείας
1194 2281 1254 2364 τὰς
1277 2285 1312 2352 ἐν

17 2385 18 2400 ³
136 2398 208 2465 τοῖς
234 2385 427 2474 πράγμασιν
457 2386 712 2476 ἐγγεγενημένας
740 2385 937 2468 ἐξετάζειν
966 2385 1315 2474 ἐπιχειρήσαιμεν·

134 2485 208 2572 τάχ’
234 2480 290 2556 οὗν
314 2487 353 2556 ἐίν
375 2515 425 2568 τις
449 2489 514 2556 κτέ.
558 2489 597 2554 D.
622 2491 671 2569 18,
693 2491 757 2554 296
789 2487 999 2572 ἐπιλείψει
1025 2513 1071 2571 με
1103 2486 1261 2572 λέγονθ’
1294 2483 1314 2577 ἡ

137 2586 264 2678 ἡμέρα
290 2587 333 2656 τὰ
357 2595 425 2656 τῶν
454 2590 630 2677 προδοτῶν
658 2585 814 2671 ὀνόματα.
857 2581 950 2656 οὗτοι
980 2588 1107 2668 πάντες
1139 2590 1223 2658 είολν
1249 2590 1315 2656 κτέι

136 2691 340 2774 Aeyndeton,
366 2713 430 2775 qne
452 2690 685 2756 Demosthenes
713 2689 810 2760 etiam
836 2691 870 2754 in
897 2691 1002 2756 verbis
1029 2692 1224 2778 antegressis
1250 2693 1316 2758 uti-

135 2797 199 2874 tur‚
226 2814 265 2856 en
292 2793 453 2858 concitata
480 2793 676 2876 affectusque
702 2791 799 2877 plena
825 2792 970 2858 oratione
992 2798 1113 2860 netum.
1156 2793 1316 2874 Futurum

137 2917 210 2960 eum
237 2893 409 2979 partieipia
437 2894 597 2978 reperitur
624 2893 721 2958 etiam
749 2915 797 2978 ep.
820 2895 861 2959 ad
882 2893 980 2960 Hebr.
999 2886 1056 2977 11,
1071 2899 1112 2963 32
1135 2899 1191 2964 καλ
1212 2903 1245 2964 τί
1267 2883 1332 2964 ἐτι

136 3000 237 3084 λέγω,·
263 2995 475 3080 ἐπιλείψει
501 2993 562 3083 γόρ
590 3019 636 3079 με
664 2993 922 3085 διηγούμενον
950 2991 967 3064 ό
992 2996 1111 3086 χρόνος
1137 3001 1218 3087 περὶ
1241 2998 1316 3081 κτὲ,

136 3099 324 3183 potentialis
345 3121 417 3164 eum
439 3098 609 3184 participio
631 3097 731 3164 Arist.
753 3099 834 3164 rhet.
860 3103 887 3182 1,
911 3103 951 3166 13
972 3099 1010 3180 (I,
1036 3124 1067 3186 p.
1089 3103 1131 3166 53
1158 3100 1317 3186 Spengel.)

17 3205 18 3210 ’
136 3193 354 3267 ὕπολείποι
383 3200 445 3289 γὰρ
483 3196 527 3268 όν
560 3195 577 3267 ὁ
609 3199 705 3268 αίών
742 3201 1034 3287 διαριθμοῦντα
1069 3203 1117 3283 (de
1147 3202 1246 3266 verbo
1276 3199 1316 3265 ef.

17 3371 18 3386 ,
137 3301 237 3367 Arist.
267 3302 350 3368 rhet.
380 3303 443 3385 III,
473 3307 504 3381 λ,
536 3327 566 3389 p.
594 3306 655 3372 157
688 3301 856 3390 Spengel.).
908 3303 1013 3390 Magis
1044 3325 1117 3370 eum
1146 3303 1315 3368 Isocrateis

139 3404 292 3488 exemplis
306 3409 491 3492 eongrnnnt
501 3405 710 3471 Ciceroniana
728 3405 808 3471 dies
825 3408 907 3489 (me)
925 3405 1085 3472 deficiat
1097 3406 1316 3487 ¹(deficiett),

138 3503 170 3568 ei
201 3506 315 3572 velim
346 3511 501 3590 (eonor),
530 3529 548 3574 e
574 3509 690 3592 quibus
717 3509 888 3592 praecipue
914 3507 977 3572 hue
997 3508 1140 3592 pertinet
1162 3491 1253 3574 Tisse.
1275 3505 1315 3588 V,

138 3605 278 3687 35,102
305 3607 394 3674 Dies
425 3609 598 3693 deficiat,
628 3611 655 3676 ei
681 3609 796 3676 velim
825 3611 1026 3694 paupertatis
1054 3631 1182 3676 eausam
1204 3609 1314 3677 defen·

138 3708 222 3774 dere.
264 3708 389 3795 Aperte
419 3713 505 3778 enim
533 3735 585 3778 res
616 3716 664 3778 eet
695 3716 754 3778 etc.
797 3711 980 3778 Artificiose
1006 3713 1117 3778 eadem
1147 3711 1252 3778 forma
1281 3714 1315 3776 et

139 3831 220 3894 quae
243 3811 329 3876 dieta
351 3815 427 3876 eunt
453 3803 698 3882 concluduntur·
712 3819 744 3881 et
765 3813 951 3880 inferantur
972 3837 1057 3882 nova
1079 3815 1118 3882 de
1139 3817 1206 3880 nat
1228 3814 1314 3878 deor.

225 4067 249 4131 ⁸)
267 4063 433 4134 (temperans
446 4066 565 4137 reliques
582 4069 712 4126 Isocratis
729 4071 804 4126 leeos
822 4069 954 4140 suspicari
971 4068 1060 4138 possis
1077 4071 1141 4138 post
1154 4061 1182 4121 εἰ
1194 4067 1315 4122 inseren-

140 4147 204 4202 dum
226 4165 286 4205 esse
308 4145 410 4216 πόσας.
446 4153 483 4207 At
505 4154 582 4208 abest
604 4170 754 4224 pronomen
777 4155 858 4210 etiam
875 4155 910 4210 D.
929 4157 970 4224 18,
988 4157 1047 4222 296,
1069 4153 1117 4208 ubi
1130 4151 1254 4208 similiter
1271 4148 1317 4206 λέ·

138 4249 202 4302 γειν
218 4250 269 4302 pro
285 4232 456 4307 καταλέγειν
472 4239 598 4308 positum.
1039 4281 1043 4290 =

1096 4325 1110 4367 e
