3098 4732
758 163 778 228 9

176 353 241 416 32ο
263 349 320 418 οία
351 346 391 438 δὴ
423 349 480 414 καὶ
511 345 624 426 ἄλλοις
656 347 779 416 ἐκεῖνοι
810 349 952 427 πολλοῖς
981 348 1094 416 πολλά
1115 353 1353 435 προσέταττον.

176 453 250 538 Lys.
275 457 329 532 10,
351 455 400 518 20.
431 449 470 514 D.
493 453 526 532 9,
549 453 600 516 21.
637 451 764 530 21,115.
794 450 888 518 Dion.
910 450 1012 516 Halia.
1033 453 1146 518 hister.
1168 473 1198 536 p.
1221 453 1281 516 241
1305 451 1353 515 ed.

177 555 334 640 Krueger.

263 655 475 721 Dilationis
512 655 692 738 exemplum
723 655 786 720 hue
816 655 981 738 pertinens
1015 655 1148 740 praebet
1178 657 1218 720 D.
1249 658 1351 737 24,1

176 757 279 842 νόμον
311 755 500 846 εἰσήνεγκεν
532 751 602 822 ευτ’
637 755 831 842 ἐπιτήδειον
862 753 938 822 οὕτε
970 757 1003 822 ὀί
990 761 1115 824 ί·καιον
1154 754 1214 836 ὃς
1221 755 1263 824 τά
1293 759 1355 841 μὲν

165 857 289 946 ,aar‘
277 859 339 927 όσα
361 862 619 978 λυμαγεῑται-
624 856 762 980 ,τάχα
788 855 833 946 δὴ
857 853 979 924 καθΗ
968 859 1108 926 ἕκαστον
1136 859 1217 944 ἐμυο
1243 858 1356 948 μαθή-

178 965 336 1044 σεσθε,“
320 987 355 1029 εν
382 956 425 1043 ὁ,
451 956 468 1028 ὃ
494 953 695 1046 μέγιστον”
678 985 803 1042 εχω-
822 955 909 1046 πρὸς
933 954 1018 1044 ὑμᾶς
1041 959 1160 1045 εἰπεῖν,
1187 957 1245 1028 οὐκ
1268 957 1356 1068 ἄπο-

176 1070 356 1150 τρέψομαι.
1354 1055 1360 1060 ’

263 1164 428 1250 Exemplis
454 1141 543 1229 allat
518 1168 561 1229 trs
573 1155 644 1230 illa
666 1147 742 1230 sunt
764 1137 1018 1252 adjungenda,
1008 1188 1043 1230 m
1065 1166 1181 1250 quibus
1204 1166 1356 1230 enuncia-

176 1271 248 1332 tum
274 1267 445 1334 relativum
472 1288 599 1332 causam
626 1267 743 1352 prioris
771 1268 934 1332 enuntiati
961 1271 1036 1332 eont
1037 1268 1118 1350 inet,
1091 1268 1184 1332 tde
1210 1288 1274 1352 quo
1296 1290 1358 1332 usu

178 1371 256 1452 vid„
277 1373 315 1434 ut
337 1370 416 1434 alios
439 1370 603 1451 omittam,
625 1367 808 1436 Schneider.
843 1369 884 1434 ad
904 1369 945 1436 Is.
969 1373 1002 1452 9,
1024 1372 1065 1456 49
1092 1374 1124 1434 et
1146 1369 1357 1456 Frohberger.

178 1473 220 1536 ad
243 1418 316 1556 1ιγε.
340 1475 389 1553 12
411 1475 462 1538 40
719 1498 725 1514 ·

263 1573 321 1655 (D.)
351 1577 407 1658 43,
435 1576 475 1640 68
506 1575 602 1658 μέλει
624 1569 738 1652 αὐτοῖς
760 1569 954 1642 οὗὸ1ν”ουτε
976 1598 1035 1640 του
1058 1573 1151 1640 οίκου
1180 1573 1358 1664 ἐξερημου-

176 1681 280 1760 μένου
312 1679 371 1744 τοῦ
392 1670 524 1762 Ἁγνίου
552 1699 627 1744 ουτε
657 1682 723 1744 τῶν
747 1674 856 1744 ἄλλων
888 1673 950 1744 ὅσα
972 1680 1233 1762 παρανομοῦσιν.
1277 1676 1359 1742 οἵτι-

183 1783 238 1855 νές
256 1801 302 1862 γε,
326 1769 352 1843 ὦ
370 1783 437 1842 Ζεῦ
461 1780 515 1843 καὶ
533 1783 623 1859 θεοί,
641 1814 681 1825 -
699 1775 820 1862 τὰμὲν
839 1775 924 1844 atta
945 1783 983 1844 τί
1006 1775 1049 1844 άν
1071 1803 1129 1856 τις
1151 1781 1259 1864 λέγοι
1280 1780 1361 1860 περὶ
1400 1863 1403 1871 Ι

180 1877 322 1964 σοάτωνς
351 1875 482 1946 πολλὰ
512 1876 582 1968 γάρ
615 1877 658 1946 ἂν
690 1879 749 1970 ε’ίη
775 1881 920 1966 λέγειν·
952 1882 988 1946 ἓν
1013 1879 1049 1945 δὲ
1072 1875 1090 1944 ὃ
1113 1879 1361 1966 παρανομώτα-

181 2005 241 2048 τον
268 1983 324 2046 καὶ
349 1979 561 2069 μιαρώτατον
589 1983 881 2069 διαπεπραγμένοι
907 1981 986 2064 εἰσί,
1017 1984 1073 2048 καὶ
1102 1978 1231 2065 μάλιστ’
1257 1981 1361 2058 ἐνδει-

184 2081 338 2166 κνύμενοι
358 2080 411 2150 ὅτι
432 2082 497 2150 κτὲ.
542 2086 577 2151 ἓν
601 2085 637 2150 δὲ
660 2082 679 2152 ὅ
701 2084 891 2169 Turiaanses
914 2084 1088 2176 seeundum
1111 2091 1139 2150 Σ
1162 2093 1193 2150 (ί)
1214 2106 1241 2164 1,
1264 2086 1298 2151 ἓν
1322 2085 1358 2152 δὲ

183 2210 263 2273 παρ.
306 2184 443 2250 Bekker.
464 2189 498 2250 et
520 2184 667 2252 Dindorf.
711 2186 751 2250 ln
773 2187 919 2252 oratione
946 2186 1079 2251 affectus
1106 2187 1202 2270 plena
1224 2208 1291 2251 non
1313 2191 1361 2252 eet

176 2308 240 2371 ‚eur
267 2309 461 2372 quemquam
487 2288 705 2354 anacoluthon
737 2288 887 2354 offendat.
931 2287 970 2352 D.
993 2291 1047 2364 24,
1071 2291 1131 2354 101
1159 2293 1268 2356 καίτοι
1297 2285 1359 2356 τίν)

176 2384 233 2454 ’ἂν
248 2385 342 2470 άξίαν
369 2389 462 2477 δοίης
490 2389 583 2478 δίκην
606 2385 628 2476 ἢ
649 2396 682 2456 τί
710 2386 749 2458 οὐ
777 2386 904 2456 παθὼν
931 2386 971 2456 ἂν
996 2385 1038 2455 τὰ
1064 2387 1275 2478 προσήκουτ”
1293 2390 1362 2478 εἴης

179 2487 389 2572 πεπονθώςς
410 2489 447 2569 ὅς
461 2529 500 2538 -
515 2489 557 2558 τά
575 2492 636 2578 μὲν
656 2487 729 2558 ἄλλ’
752 2490 809 2574 ἐῶ,
832 2488 917 2556 ἀλλὰ
938 2487 1015 2568 τοὺς
1036 2495 1083 2577 τῷ
1104 2489 1190 2579 γήρᾳ
1211 2489 1363 2579 βοηθοὺς

185 2595 344 2675 λυμαίνει,
362 2597 396 2660 οἳ
413 2593 490 2674 aaa,
507 2594 598 2678 eujus
617 2595 680 2660 loni
697 2595 801 2658 multo
819 2594 924 2662 minor
943 2596 1026 2658 esset
1044 2593 1092 2657 vis
1111 2598 1144 2657 et
1160 2595 1314 2678 gravitas,
1336 2595 1362 2658 si

185 2694 322 2781 dixisset¹
344 2699 453 2760 orator
480 2693 528 2776 ὅς,
558 2695 614 2762 ἵνα
639 2687 745 2762 τᾶλλα
772 2695 991 2781 παραλείπω,
1018 2691 1094 2772 τοὺς
1119 2699 1167 2780 τῷ
1189 2693 1275 2784 γήρᾳ
1297 2695 1363 2762 κτὲ.

185 2794 374 2862 Simillimus
406 2799 454 2860 est
484 2797 587 2878 loeus,
613 2795 771 2880 siquidem
798 2799 884 2860 reete
914 2796 1052 2882 scriptus
1076 2800 1123 2862 est
1146 2819 1165 2862 a
1187 2795 1364 2878 Dindorfi0‚

186 2897 225 2962 D.
247 2901 281 2979 3,
312 2900 353 2964 21
388 2896 464 2964 τότε
488 2897 551 2983 μὲν
579 2896 619 2986 δὴ
646 2903 763 2964 τοῦτον
795 2897 852 2964 τὸν
878 2895 1005 2984 τρόπον
1033 2893 1103 2981 εἶχε
1126 2895 1169 2966 τά
1195 2896 1361 2987 πράγματ)

185 2999 338 3081 ἐκείνοις,
365 3005 551 3087 χρωμένοις
578 2997 629 3079 οίς
654 2995 753 3095 εἶπον
782 2999 1004 3086 προστάταις·
1031 3003 1102 3068 νυνὶ
1129 3001 1166 3068 tt
1189 3005 1264 3080 πῶς
1285 3004 1363 3089 ἡμῖν

184 3099 251 3178 ὑπὸ
279 3107 345 3170 τῶν
370 3107 523 3192 χρηστῶν
550 3107 616 3170 τῶν
643 3107 699 3170 νῦν
726 3101 768 3168 τὰ
795 3098 962 3191 πράγματ’
987 3103 1068 3189 ἔχεο·
1094 3095 1159 3189 άρά
1184 3099 1215 3188 γ’
1240 3098 1364 3186 ὁμοίως

186 3209 241 3272 καὶ
272 3207 534 3296 παραπλησίως,·
569 3205 604 3272 οἵ
629 3243 668 3252 -
696 3202 738 3272 τά
774 3205 835 3288 μὲν
867 3202 953 3270 ἄλλα
988 3209 1138 3285 σιωπῶ,
1173 3202 1286 3270 πάλλ’
1320 3201 1363 3270 ἂν

186 3307 284 3392 ἔχων
308 3308 458 3376 εἰπεῖν·
481 3303 551 3374 ἀλλ’
572 3344 613 3356 -
632 3306 897 3395 ἀπεστερήμεθα
914 3307 976 3390 μὲν
995 3305 1059 3374 κτὲ.
1095 3305 1187 3380 Quod
1204 3305 1364 3392 Sauppius

119 3438 123 3444 ⁴
187 3415 221 3476 et
247 3409 466 3476 Funkhaenel.
496 3414 657 3474 oratorem
688 3409 851 3494 earipeisse
882 3408 1087 3492 conjecerunt
1117 3409 1365 3497 παραπλησίως

186 3511 358 3594 (ἐκείνοις),
379 3508 421 3578 τά
443 3512 504 3598 μὲν
528 3509 613 3578 άλλα
636 3515 771 3594 σιωπῶ,
793 3511 1035 3576 commendatur
1056 3510 1126 3574 loeo
1148 3509 1242 3574 modo
1265 3509 1365 3574 allato

188 3613 390 3696 1).19,145
420 3614 537 3698 iisque,
567 3634 648 3698 quoe
675 3633 749 3676 aum
775 3633 812 3677 eo
840 3611 1012 3698 composui.
1055 3609 1226 3695 Utcunque
1257 3615 1366 3674 autem

181 3699 229 3782 'de
250 3716 320 3780 loco
346 3716 515 3796 statuitur,
537 3736 596 3802 pro
623 3719 711 3778 nerto
732 3713 793 3778 hoo
816 3712 976 3778 affirmare
998 3735 1049 3776 me
1075 3733 1168 3795 posse
1190 3715 1284 3796 puto,
1306 3733 1363 3776 ne·

190 3841 261 3902 que,
284 3817 312 3882 ε1
329 3816 506 3882 retineatur
528 3839 619 3904 pron.
643 3813 910 3900 οι(ίς),11εοαε,
932 3815 960 3880 si
981 3815 1160 3895 omittatur,
1182 3818 1268 3880 reete
1290 3825 1366 3878 ante

189 3920 288 3984 verba
309 3916 351 3984 τά
372 3917 433 4002 μὲν
456 3914 541 3984 άλλα
562 3918 755 4003 particulam
778 3923 834 3984 καί
855 3918 940 4002 poni.

277 4018 462 4100 Comparari
488 4041 561 4084 eum
587 4020 637 4086 his
664 4019 820 4084 locist
763 4041 806 4104 po
807 4024 871 4084 test
894 4019 1006 4084 dilat'
977 4019 1097 4084 tronis
1124 4017 1305 4101 exemplum
1327 4017 1367 4082 D

191 4124 246 4203 55,
269 4121 353 4190 22⁰
337 4147 374 4188 ον
395 4119 448 4188 ὅτι
473 4121 593 4204 μὲν-
598 4167 612 4240 '.
638 4117 760 4187 aa'aia'
791 4120 928 4188 είσεσθε
951 4126 1170 4210 σαφέστερον,
1192 4115 1296 4186 ὅτιὸ
1317 4157 1368 4202 -,
