3098 4732
133 369 221 460 πρὸς
243 371 403 450 ἐκείνους,
426 369 499 434 ἀλλ’
524 405 566 418 -
590 367 692 437 dulcor
715 366 754 434 τό
775 363 806 453 γ’
833 363 984 434 lacellis
1006 367 1117 434 εἰπεῖν
1138 391 1208 452 μοι,
1229 369 1310 452 περί

132 475 270 540 πολλῶν
288 467 317 538 d'
339 466 379 537 ὂίν
398 468 493 554 οἶμαι
512 470 663 536 κίνδυνον
681 465 759 558 ἡμίν
777 473 938 555 γενέσθαι
955 469 1117 556 (Hermog.
1133 467 1176 552 II,
1198 490 1228 555 p.
1245 473 1312 538 382

133 575 298 662 Spengel).
341 572 380 636 D.
408 573 546 654 20,157
579 567 715 658 αἰσχρὸς
745 575 801 638 καί
831 575 942 650 κακῶς
968 571 1053 654 ἔχων
1080 567 1097 638 ὁ
1125 571 1226 656 νόμος
1253 575 1308 640 καί

133 679 248 764 ὅμοιος
279 674 400 765 φθόνῳ
431 677 496 742 τινὶ
526 677 582 741 καί
616 676 804 762 φιλονεικίᾳ
835 676 891 741 καὶ
922 710 961 722 -
993 673 1036 740 τὸ
1067 675 1210 742 λοιπὸν
1243 673 1309 742 λῶ·

131 779 296 858 τοιούτοις
317 779 355 846 δέ
376 801 443 846 τισι
464 782 664 865 προσέοικεν
687 770 704 842 ὁ
726 775 866 865 γράφων
885 780 1042 864 χρῆσθαι.
1088 775 1127 840 D.
1149 779 1179 858 9,
1195 777 1239 842 54
1261 775 1313 855 είς

131 878 223 950 τοῦτ’
249 878 376 970 ἀφῖχθε
403 885 533 966 μωρίας
555 874 576 966 ἢ
598 883 787 965 παρανοίας
810 873 831 966 ἢ
853 913 893 926 --
917 873 975 944 οὐκ
1003 877 1067 961 ἐ’χω
1095 883 1128 944 τί
1150 879 1235 964 λέγω
1259 915 1312 959 -,

135 983 220 1052 ῶστε
248 984 312 1050 κτὲ.
360 981 411 1064 (D.
439 985 491 1063 18,
513 984 555 1048 22
582 975 644 1047 clr'
674 971 700 1046 ῶ
727 1017 767 1028 -·
794 986 827 1047 τί
853 975 893 1047 dv
920 977 1028 1046 εἰπῶν
1055 985 1093 1047 σέ
1118 1005 1169 1059 τις
1195 976 1313 1068 ὀρθῶς

134 1092 330 1176 προσείποις
357 1084 446 1152 ’ἐστιν
469 1081 556 1150 ὅπου
579 1082 661 1163 κτλ).
692 1083 777 1148 Haec
799 1082 945 1167 exempla
967 1082 994 1146 si
1014 1083 1100 1147 inter
1122 1103 1155 1147 se
1177 1086 1309 1147 conten-

133 1190 226 1270 deris,
248 1187 429 1272 apparebit,
451 1187 574 1271 opinor,
595 1189 681 1250 recte
704 1190 736 1250 et
750 1180 798 1250 'D.
817 1187 866 1267 18,
884 1188 904 1250 3
922 1185 1097 1250 secundum
1119 1184 1233 1269 optimi
1255 1205 1308 1248 co-

132 1291 212 1356 dicis
234 1288 459 1354 auctoritatem
481 1310 500 1351 a
522 1286 757 1368 Turicensibus
778 1285 953 1368 Voemelio,
970 1286 1219 1350 Westermanno
1236 1289 1310 1369 post

132 1390 470 1478 βούλομαισιοὶεσσισ
497 1411 564 1456 esse
591 1389 629 1457 δέ
656 1393 688 1454 et
714 1387 754 1454 D.
779 1391 905 1471 16,18,
931 1409 1003 1452 cum
1025 1388 1124 1472 vulgo
1151 1387 1312 1452 scribatur
1342 1443 1344 1448 .

136 1491 222 1578 πρὸς
252 1492 405 1571 ἐκείνοις.
450 1487 523 1560 ἀλλ’
549 1490 638 1560 ἐείσω
662 1489 819 1571 (ἐκείνους
846 1526 885 1538 -
913 1485 986 1556 ἀλλ’
1011 1488 1191 1574 Rnediger),
1213 1509 1233 1553 a
1258 1511 1310 1553 me

132 1597 324 1681 particulam
346 1591 431 1662 ἀλλά
453 1595 493 1659 ad
515 1595 681 1678 superiora
702 1595 838 1658 relatam
861 1615 941 1674 esse,
966 1597 1005 1658 ut
1027 1595 1095 1677 jam
1116 1593 1312 1678 respondeat

131 1699 238 1763 verbis
270 1694 308 1763 οὗ
338 1695 449 1780 μόνον.
501 1695 593 1770 Quod
623 1695 675 1759 hic
712 1697 858 1780 sequitur
892 1697 1070 1762 membrum
1101 1717 1121 1759 a
1149 1696 1310 1780 pamicula
1351 1777 1353 1784 y

134 1800 172 1866 δέ
194 1799 364 1883 incipiens,
391 1799 420 1862 ei
442 1797 545 1863 simile
567 1801 615 1862 est
637 1797 729 1879 illud,
752 1800 839 1883 quod
860 1801 934 1884 post
957 1797 1158 1882 aposiopesin
1181 1797 1311 1861 additur

135 1901 174 1965 u.
198 1903 249 1982 ao,
271 1903 341 1967 uu.

700 2103 739 2167 V.

135 2261 367 2336 Praeteritio
394 2262 436 2336 in
462 2261 641 2334 clausula
667 2261 733 2334 vel
763 2261 841 2354 loci
867 2262 1067 2358 cujusdam
1093 2262 1160 2336 vol
1173 2261 1313 2357 ,totius

518 2381 706 2454 orationis
733 2385 932 2474 usurpata.

219 2563 485 2629 Praeteritionem
503 2563 599 2628 ctiam
616 2564 651 2627 in
668 2563 732 2627 fine
750 2563 884 2648 reperiri
901 2563 971 2647 jam
988 2563 1147 2629 Aristides
1170 2565 1312 2628 animad-

135 2665 234 2730 vertit
256 2665 306 2745 (II,
332 2688 362 2750 p.
384 2667 445 2731 481
470 2664 637 2750 Spengel).
679 2663 730 2728 lbi
753 2686 823 2728 eam
844 2686 944 2749 prope
967 2665 1007 2729 ad
1029 2667 1313 2731 revocationem

16 2819 17 2840 2
136 2766 283 2832 accedere
310 2766 454 2849 exempla
479 2766 549 2850 ¹ipsa
574 2765 742 2830 docebunt.
794 2763 906 2830 Potest
936 2770 1044 2832 autem
1074 2765 1153 2832 haec
1184 2790 1312 2852 quoque

134 2869 239 2934 forma
261 2869 294 2932 in
316 2867 425 2952 plures
447 2871 556 2954 partes
573 2867 682 2950 (lividi,
703 2863 783 2952 quas
800 2868 942 2933 numeris
964 2869 1050 2934 inter
1072 2889 1106 2934 so
1128 2867 1311 2936 discernen-

135 2973 192 3036 das
215 2970 337 3056 putavi.

221 3077 249 3154 1)
275 3071 312 3136 Ι).
338 3077 366 3152 1,
389 3075 429 3137 13
454 3069 514 3150 τὰς
542 3067 572 3138 d'
599 3067 656 3139 ἐπ’
678 3067 851 3159 Ἰλλυριοὺς
877 3074 942 3138 καί
964 3109 1004 3120 -
1028 3074 1093 3138 καί
1116 3109 1155 3120 -
1184 3077 1248 3140 καὶ
1269 3112 1310 3150 -,-

17 3213 18 3218 1
136 3175 372 3262 παραλείπω
401 3179 576 3262 στρατείας
602 3173 710 3254 (Arist.
732 3173 774 3256 Π,
801 3197 830 3260 p.
854 3175 935 3256 481).
978 3174 1093 3239 Aesch.
1116 3178 1145 3256 3,
1167 3178 1229 3242 225
1252 3199 1312 3242 sec.

137 3276 223 3362 vulg.
242 3277 349 3361 script.
372 3272 553 3354 ἐπιστολὰς
571 3276 607 3343 δὲ
632 3279 726 3362 σιγῶ
745 3313 785 3324 -
805 3277 870 3344 καί
889 3312 928 3323 -
949 3277 1012 3342 καὶ
1030 3313 1080 3338 -.
1098 3313 1138 3323 -
1158 3275 1196 3341 Ι).
1206 3281 1256 3358 22,
1270 3281 1313 3346 68

138 3374 222 3444 ἄλλα
249 3373 279 3443 d'
308 3373 360 3446 30²
384 3375 518 3464 ὕβρικεν
546 3374 626 3446 orid'
656 3375 700 3446 dv
728 3377 812 3462 ἐ’χοι
837 3404 897 3457 τις
924 3377 1072 3445 εἰπεῖν·
1102 3385 1248 3447 τοσαῦτα
1273 3385 1313 3448 τὸ

138 3479 273 3566 πλῆθός
300 3479 397 3547 ἐστιν.
440 3479 482 3546 Is.
506 3483 560 3562 16,
581 3482 623 3548 35
650 3482 731 3568 περί
759 3481 795 3547 δὲ
822 3485 889 3547 τῶν
917 3478 1042 3548 ἐνθάδε
1066 3487 1231 3570 χορηγιῶν
1258 3487 1315 3551 καὶ

18 3635 19 3654 t
137 3585 401 3668 γομνασιαρχιῶν
429 3583 485 3648 καί
509 3587 729 3671 τριηραρχιῶν
757 3579 994 3666 αἰσχύνομαι
1020 3583 1167 3668 λέγειν·
1196 3591 1315 3654 τοσοῦ·

136 3709 193 3750 τον
216 3679 279 3770 γὰρ
302 3681 367 3750 aad.
401 3681 509 3750 Verba
532 3687 587 3751 καὶ
609 3688 874 3772 γομνασιαρχιῶν
898 3683 1124 3750 auctoritatem
1146 3685 1316 3754 Urbinatis

137 3789 264 3851 secutur
287 3775 413 3850 uncinis
434 3786 565 3852 inclusit
588 3785 757 3870 Benselcr,
779 3793 812 3852 et
835 3810 872 3852 ea
892 3809 1025 3874 prorsus
1048 3788 1224 3854 necessaria
1247 3812 1314 3855 esse

138 3886 352 3954 demonstrari
372 3887 427 3951 vix
453 3889 586 3972 poterit,
612 3890 802 3974 praesertim
829 3910 901 3953 cum
924 3887 1010 3974 quod
1032 3890 1192 3955 antecedit
1214 3893 1314 3957 subst.

134 3996 276 4080 χορηγία
302 3989 401 4054 etiam
423 3989 538 4054 latiore
561 4013 656 4058 sensu
678 3993 779 4077 accipi
805 3992 939 4074 liceat.*)
983 3989 1182 4077 Quamquam
1204 3997 1241 4057 ut
1263 4016 1315 4059 re·

224 4176 249 4242 ⁸)
266 4174 328 4230 Vim
342 4175 485 4231 verborum
501 4173 637 4247 χορηγός,
656 4183 803 4248 χορηγεῖν,
821 4175 949 4247 χορηγία
967 4177 1102 4232 interdum
1115 4178 1197 4233 latius
1211 4187 1314 4249 patera,

138 4265 169 4312 ut
190 4257 223 4313 de
246 4260 368 4314 omnibus
391 4259 515 4316 dicantur
536 4261 652 4331 liturgiis
675 4263 815 4333 encycliis,
839 4263 1106 4333 apparacum,
1130 4267 1238 4320 19-23.
1275 4265 1314 4319 Cf.
