3098 4732
759 187 911 284 *aa*

242 373 411 440 tineantur
436 344 570 440 suadere
594 371 746 438 ridentur
771 373 835 438 loci
863 373 1045 440 consimiles
1070 375 1105 453 4,
1132 376 1181 440 91:
1209 376 1279 440 114.
1315 375 1348 456 8,
1370 375 1422 441 87.

243 477 280 556 9,
301 479 352 542 21.
374 478 424 542 31.
457 477 510 554 12,
531 477 603 542 262.
646 471 719 538 Vid.
745 495 827 559 quae
858 475 925 558 ipse
955 473 1115 540 Benseler.
1146 475 1227 540 dixit
1256 475 1291 540 in
1320 473 1422 559 praef.

243 599 275 662 p.
297 576 348 642 III
374 580 406 642 et
433 575 606 663 p..XXIX‚
627 575 666 640 V.
692 613 733 624 -
759 575 801 641 Is.
826 579 875 657 14,
897 577 939 645 50
966 572 1060 661 οίμαι
1086 573 1116 643 δ’
1144 572 1230 661 δμᾶς
1254 574 1333 646 οόδέ
1359 577 1422 656 τὰς

244 677 351 757 ἀλλας
374 677 532 762 αἰσχύνας
555 674 686 764 ἀγνοεῖν
708 674 768 758 τάς
791 677 847 746 διὰ
868 684 988 747 πενίαν
1010 681 1066 746 καί
1089 673 1196 768 φυγὴν
1217 685 1422 765 γιγνομένας,

244 777 286 860 ἃς
304 775 401 869 ἡμεῖς
417 785 461 870 τῇ
484 782 554 865 μὲν
577 781 736 868 διανοίᾳ
755 779 1035 867 χαλεπώτερον
1056 787 1132 848 τῶν
1155 780 1281 848 ἀλλων
1304 789 1421 870 φέρο-

242 907 328 967 μεν,
354 887 405 970 τῷ
433 883 474 948 δὲ
502 879 602 968 λόγῳ
630 884 948 968 παραλείπομεν,
976 883 1208 967 αἰσχυνόμενοι
1230 885 1304 950 λίαν
1327 881 1422 973 ἀκρι-

242 989 313 1069 βὼς
330 983 391 1063 τὰς
408 979 572 1073 ἡμετέρας
594 979 702 1050 αὐτῶν
722 979 857 1066 ἀτυχίας
876 983 1048 1066 ἐξετάζειν.
1067 1021 1107 1034 -
1124 985 1166 1050 le.
1183 989 1213 1067 4,
1233 985 1422 1076 114*φυγάς

243 1087 283 1152 δὲ
305 1088 369 1154 καί
391 1121 431 1136 -·
456 1088 520 1154 καί
541 1121 584 1132 ·-
606 1087 671 1152 καί
694 1121 748 1164 -,
774 1086 833 1154 δτι
862 1087 902 1152 δὲ
926 1123 967 1134 -
990 1089 1054 1154 καί
1076 1123 1117 1134 -
1139 1090 1204 1154 καὶ
1226 1083 1350 1166 -’τίς
1377 1084 1422 1156 ἀν

243 1187 403 1256 δύναιτο
440 1188 681 1269 διεξελθεῖν,·
718 1185 819 1276 πλὴν
854 1193 1044 1256 τοσοῦτον
1080 1189 1191 1257 εἰπεῖν
1226 1189 1291 1274 έχω
1328 1187 1421 1257 καθ’

242 1285 443 1371 ἁπάντων,
465 1287 516 1358 ότι
538 1289 604 1356 art.
625 1293 755 1374 (praec).
791 1293 836 1356 De
857 1291 944 1356 verb.
965 1287 1047 1358 καθ’
1073 1286 1232 1360 ἁπάντων
1254 1291 1293 1358 ci
1312 1295 1362 1375 12,
1378 1294 1423 1360 65

241 1396 278 1458 et
297 1391 481 1458 Schneider.
501 1393 542 1457 εδ
560 1392 580 1456 l.
599 1392 611 1456 l
628 1391 669 1458 Is.
688 1395 717 1474 8,
731 1395 775 1460 67
797 1388 858 1472 τὰς
880 1392 916 1458 δὲ
940 1388 1025 1458 κατὰ
1047 1393 1129 1460 δέκα
1146 1396 1212 1461 καί
1231 1400 1334 1462 πέντε
1357 1397 1424 1464 καὶ

244 1495 385 1572 πλείους
400 1492 527 1562 τούτων
547 1490 784 1577 ἀπολλυμένας
805 1496 871 1561 καί
891 1491 968 1572 τοὺς
986 1493 1071 1562 κατὰ
1085 1498 1212 1578 χιλίους
1233 1499 1298 1564 καί
1319 1497 1424 1580 δισχι-

244 1597 336 1674 λίους
362 1591 644 1682 ἀποθνήσκοντας
670 1601 731 1674 τίς
764 1591 808 1663 ἀν
836 1594 1160 1685 έξαριθμήσειεν,·
1190 1597 1291 1687 πλὴν
1319 1602 1355 1666 ἓν
1381 1591 1421 1688 ἦν

101 1782 106 1792 ν
242 1702 342 1764 τοῦτο
368 1702 436 1764 τῶν
464 1695 644 1783 ἰγκυκλίων
671 1697 737 1766 uri.
762 1700 894 1783 (praec).
936 1698 1039 1780 (And.)
1060 1703 1094 1781 4,
1115 1703 1157 1768 42
1183 1703 1266 1789 περὶ
1291 1702 1328 1768 δέ
1354 1707 1421 1768 τῶν

246 1801 456 1888 λειτουργιῶν
479 1795 548 1867 οόκ
575 1796 670 1882 ἀξιῶ
696 1805 940 1886 μεμνῆσθαι,
966 1799 1070 1890 πλὴν
1093 1800 1191 1869 κατά
1216 1809 1421 1885 τοσοῦτον,

244 1900 296 1969 δτι
310 1901 377 1976 κτὲ.
391 1902 434 1984 (in
453 1908 531 1967 extr.
545 1905 806 1987 orat—praec).
834 1899 988 1968 Of.etiam
1006 1904 1151 1990 epilogus
1169 1904 1209 1969 Is.
1229 1909 1279 1988 10,
1296 1908 1422 1974 67-69

245 2003 333 2072 πολὺ
360 2005 396 2070 δέ
423 2007 531 2071 πλείω
558 2002 602 2071 τά
629 2007 923 2092 παραλελειμμένα
948 2010 1015 2070 τῶν
1038 2005 1221 2094 εἰρημένων
1244 2006 1334 2075 έοτίν
1357 2008 1423 2076 κτὲ.

331 2107 462 2186 Anda,
483 2110 522 2172 16
545 2105 652 2190 δεσμά
674 2131 715 2173 τε
737 2105 875 2194 ὕστερον
894 2108 950 2173 καί
972 2105 1058 2173 κακά
1080 2105 1142 2174 ὅσα
1163 2133 1201 2174 τε
1223 2112 1279 2176 καί
1297 2109 1355 2178 οἷα
1374 2117 1422 2198 τῷ

244 2205 376 2292 σώματι
403 2204 596 2298 ἠνεσχόμην,
625 2207 774 2296 μακρὸν
802 2204 845 2276 ἀν
873 2210 932 2298 ε’ίη
963 2233 1029 2293 μοι
1056 2211 1193 2296 λέγειν.
1236 2209 1320 2276 And.
1348 2216 1423 2294 3,9

243 2307 305 2388 τάς
330 2333 372 2375 τε
400 2306 503 2388 ἀλλας
532 2307 691 2389 ἀποικίας
714 2307 796 2376 καθ’
821 2309 962 2378 ἕκαστον
985 2311 1177 2401 διηγεῖσθαι
1203 2311 1351 2402 μακρὸς
1378 2311 1422 2381 ἀν

244 2409 305 2500 εἴη
334 2408 457 2497 λόγος.
494 2410 666 2497 Utrimque
689 2433 747 2497 per
768 2413 960 2497 particulam
980 2417 1019 2480 τέ
1041 2415 1247 2480 enunciatum
1270 2415 1309 2480 ad
1327 2439 1422 2500 supe·

243 2511 331 2578 riora
353 2513 557 2600 adjungitur3
580 2513 618 2580 cf.
640 2513 723 2580 Plat.
745 2513 839 2580 Polit
862 2517 953 2582 271ε
976 2513 1061 2581 ἀλλα
1081 2511 1121 2582 θ’
1146 2513 1209 2584 ὅσα
1230 2521 1288 2608 τῆς
1308 2516 1422 2583 τοιαύ-

244 2639 304 2702 της
323 2613 394 2682 έστί
412 2615 692 2705 κατακοσμήσεως
711 2613 870 2701 ἑπόμενα,
890 2617 995 2706 μυρί’
1021 2611 1064 2683 ἀν
1084 2616 1142 2708 εἴη
1167 2620 1294 2706 λέγειν
1312 2618 1421 2699 (rhua

244 2715 288 2798 ΙΙ,
309 2719 360 2798 41,
384 2719 400 2782 1
431 2715 573 2799 ξυνελών
594 2743 636 2785 τε
659 2721 754 2806 λέγω.
796 2719 854 2802 VI,
876 2721 926 2802 80,
948 2721 968 2786 3
992 2717 1179 2801 ξυνελόντες
1200 2745 1242 2787 τε
1264 2723 1420 2808 λέγομεν).

244 2817 400 2905 Krueger.
419 2841 553 2907 gramm.
571 2823 622 2904 69,
639 2823 690 2904 59,
710 2827 736 2888 1.
767 2821 928 2888 Kuehner.
951 2843 1085 2908 gramm.
1102 2823 1175 2904 519,
1193 2825 1213 2888 3
1230 2822 1281 2908 (Π,
1298 2847 1327 2910 p.
1344 2825 1419 2904 787).

247 2956 286 2966 -
317 2919 400 2986 Plat.
427 2921 509 2987 Phil.
536 2924 612 2990 26b
644 2925 700 2991 καί
730 2922 815 2990 ἀλλα
847 2921 887 3011 δὴ
917 2929 1020 3012 μυρία
1051 2923 1249 2992 ἐπιλοίπου
1287 2927 1418 3011 λέγων,

243 3019 318 3088 οἷον
340 3021 406 3088 κτέ.

330 3123 463 3190 Referre
484 3123 548 3190 huc
569 3125 642 3193 licet
664 3126 761 3192 etiam
783 3123 821 3190 D.
840 3129 890 3208 23,
908 3128 949 3193 63
972 3123 1011 3194 οὐ
1031 3132 1142 3194 τοίνυν
1163 3127 1301 3210 τούτους
1321 3125 1422 3214 μόνον

243 3223 321 3306 τοὺς
347 3223 469 3312 νόμους
494 3231 742 3316 παραβέβηκεν,
769 3221 854 3296 ἀλλὰ
880 3229 936 3294 καί
963 3225 1084 3307 ἀλλους
1109 3227 1269 3308 πολλούς,
1298 3227 1354 3310 οὓς
1383 3227 1421 3298 οὗ

118 3365 122 3384 ·
245 3326 618 3418 παραγεγράμμεθα
658 3325 722 3396 διά
760 3327 803 3396 τὸ
843 3330 1012 3418 πλῆθος.
1064 3325 1138 3397 ἀλλ’
1176 3330 1211 3399 έν
1247 3334 1423 3422 κεφαλαίῳ

244 3431 331 3516 λέγω
354 3433 483 3514 (praec).

333 3529 472 3617 Propter
506 3537 693 3619 antegressa
728 3533 883 3618 asyndeta
918 3535 1124 3600 enunciatum
1159 3529 1346 3616 ἀσυνδέτως
1382 3539 1425 3604 ad

243 3633 409 3718 superiora
431 3634 613 3700 adnectitur
635 3633 675 3700 D.
698 3637 747 3716 18,
764 3637 827 3702 266
850 3634 899 3702 aa
921 3626 1057 3718 τᾶλλα,
1078 3632 1164 3703 ἀλλά
1186 3639 1256 3704 νυνί
1277 3636 1424 3727 τήμερον

245 3733 311 3823 ἰγαί
329 3737 391 3822 μέν
409 3731 495 3825 ὑπὲρ
513 3741 572 3803 τοῦ
590 3739 852 3825 στεφανωθῆναι
870 3736 1091 3822 δοκιμάζομαι
1108 3737 1174 3806 κτέ.
1191 3738 1240 3819 (ci
1258 3737 1297 3804 D.
1316 3743 1345 3822 9,
1362 3744 1423 3820 351

331 3837 491 3904 Ciceronis
510 3860 590 3924 quos
611 3860 683 3904 cnm
705 3837 757 3904 his
778 3839 931 3926 exemplis
953 3839 1098 3906 conferre
1119 3841 1214 3908 liceat
1236 3841 1315 3908 duos
1332 3864 1423 3908 com·

244 4090 368 4158 inprimis
381 4091 441 4160 §23
451 4087 494 4154 είς
503 4089 671 4148 συντέλειαν
680 4089 803 4162 ἀγαγεῖν
816 4089 868 4156 τὰς
875 4092 1027 4164 χορηγίας,
1042 4085 1140 4162 ὥσπερ
1154 4091 1206 4158 τὰς
1217 4095 1422 4166 τριηραρχίας.

243 4173 580 4328 ἓηίοετηιπίηιεηνοέοὲἓίουε
602 4191 783 4234 commemoro
806 4177 821 4250 ᾗ
840 4183 872 4234 21
896 4178 961 4234 mhi
983 4193 1034 4248 pro
1056 4173 1137 4234 πέντ’
1157 4173 1174 4248 ἢ
1198 4173 1231 4244 ἕξ
1249 4180 1421 4237 scribendum
