3098 4732
694 195 846 290 —2-2-

188 372 318 440 futandi
348 375 478 440 initium
500 377 541 444 ab
563 377 733 444 omissione
756 379 883 463 (πολλ’).
925 380 965 446 Id
991 402 1093 468 genus
1115 383 1260 467 exempla
1282 383 1363 450 haee

185 477 309 541 notavi:

271 578 310 644 D.
333 581 388 660 20,
409 581 430 648 2
458 578 560 668 φήσει
586 579 617 648 δ’
643 577 796 666 ἀναξίους
821 579 913 664 τινάς
934 581 1141 673 ἀνθρώπους
1163 579 1365 674 εὑρομένους

186 677 338 748 ἀτέλειαν
374 680 584 783 ἐκδεδυκέναι
623 684 683 764 τὰς
717 687 935 772 λειτουργίας,
974 690 1030 754 καί
1068 685 1174 775 τούτῳ
1210 687 1363 778 πλείστῳ

184 781 344 872 χρήσεται
370 789 418 871 τῷ
442 783 538 873 λόγῳ.
574 785 639 872 1γώ
663 783 707 870 δ’,
728 785 863 872 ὅτιμὲν
885 794 983 858 τινῶν
1007 793 1252 880 κατηγοροῦντα
1274 787 1363 856 πάν-

50 936 53 944 .
185 910 246 964 τας
269 882 494 974 ἀφαιρεῖσθαι
524 887 584 976 τὴν
614 886 742 976 δωρεάν
769 895 835 956 τῶν
868 886 991 958 ἀδίκων
1010 890 1119 973 *ἑστίη
1152 889 1262 959 έάσω.
1306 893 1362 958 καί

186 985 248 1076 γάρ
273 988 402 1078 ε’ίρηται
423 987 550 1076 τρόπον
572 987 646 1058 τινὰ
670 993 726 1058 καί
742 987 801 1080 ἀφ’
818 988 908 1076 ὑμῶν
930 993 1012 1072 ἰὀως
1034 991 1261 1080 γιγνώσκεται·
1285 989 1360 1061 ἀλλ’

188 1087 283 1158 ἐκεῖν’
317 1087 357 1157 ἀν
389 1091 525 1182 ἀροίμην
557 1088 663 1180 ἡδέως
694 1090 793 1161 αάτόν
825 1095 890 1162 κτὲ.
933 1095 1101 1181 (Hermog.
1138 1095 1184 1176 II,
1223 1112 1254 1180 p.
1289 1098 1365 1162 431.

187 1193 291 1260 Tiber.
308 1193 368 1276 III,
390 1196 432 1262 60
455 1216 500 1279 sq.
520 1193 686 1281 Spengeii
729 1195 769 1260 D.
792 1199 848 1278 20,
870 1200 911 1265 99
934 1196 999 1283 ἐγὼ
1022 1198 1061 1280 δ’,
1084 1195 1135 1265 ὅτι
1156 1198 1218 1282 μὲν
1236 1234 1276 1248 -
1297 1195 1365 1264 ἐά-

188 1319 254 1378 σω,
275 1296 330 1364 ίνα
353 1291 399 1384 μὴ
418 1316 476 1344 -·
512 1293 585 1364 ἀλλ’
615 1293 672 1366 ἐπ’
702 1295 798 1366 ἐκεῖν’
823 1293 899 1384 εἶμι.
942 1298 982 1364 D.
1004 1302 1061 1382 38,
1090 1301 1132 1366 25
1155 1299 1220 1386 ἐγώ
1248 1297 1290 1379 δ’,
1312 1297 1362 1366 ὅτι

186 1399 312 1482 μὲν-,
335 1395 446 1465 ἐάσω.
478 1394 560 1480 ἀξιῶ
582 1399 620 1468 δὲ
643 1403 699 1468 καὶ
721 1397 819 1480 αὐτὸς
841 1399 907 1468 κτέ.
942 1399 980 1466 D.
1001 1405 1050 1482 19,
1073 1404 1135 1468 182
1158 1400 1223 1488 ἐγώ
1246 1397 1289 1482 δ’,
1311 1398 1363 1467 ὅτι

188 1503 249 1585 μὲν
268 1538 323 1582 -,
349 1503 605 1588 παραλείψω,
631 1499 705 1570 ἀλλ’
730 1503 838 1571 έκεῖνο
866 1506 962 1591 λέγω.
1004 1503 1043 1568 D.
1066 1507 1120 1586 23,
1148 1508 1207 1570 111
1237 1501 1302 1589 έγιδ
1329 1497 1364 1568 δ’

188 1599 255 1670 οὐκ
287 1599 424 1690 ἀπορῶ
454 1605 524 1688 μὲν
556 1604 688 1672 εἰπεῖν
719 1605 844 1688 πολλά,
876 1604 898 1674 ἀ
923 1628 1060 1690 μοι-·
1092 1601 1130 1673 οὐ
1156 1603 1222 1695 μὴν
1246 1601 1367 1672 ἀλλ’ίί

189 1703 334 1790 μάλιστα
361 1705 539 1795 πρόχειρον
566 1705 646 1791 ἔχω,
670 1705 760 1775 τοῦτ’
786 1707 861 1798 ἐρῶ.
903 1709 945 1776 Is.
969 1712 1023 1792 12,
1049 1711 1091 1776 64
1123 1707 1187 1793 ἐγώ
1213 1705 1250 1774 δὲ
1277 1705 1364 1795 πρὸς

149 1895 154 1907 ἱ
192 1805 327 1876 ἅπαντα
348 1807 468 1894 μὲν-
488 1804 567 1878 οὔτ’
593 1804 636 1876 ἀν
659 1810 849 1902 δυναίμην
873 1807 1077 1880 ἀντειπεῖν
1105 1806 1182 1878 οὔτ’
1208 1806 1251 1876 ἀν
1275 1808 1367 1876 έπι-

188 1909 420 1998 χειρήσαιμι
445 1916 560 1979 τοῦτο
587 1925 738 1980 ποιεῖν·
783 1916 838 1981 καί
859 1913 922 2003 γὰρ
945 1909 985 1980 ἀν
1008 1913 1223 2003 αἰσχυνοίμην
1242 1931 1300 1960 -·
1327 1906 1369 1976 οά

190 2009 255 2102 μὴν
283 2005 355 2081 ἀλλ’
385 2013 492 2082 ἐκεῖνό
523 2010 555 2100 γ’
583 2010 678 2100 οίμαι
709 2015 873 2104 ποιήσειν.
917 2015 1033 2098 1).20,
1057 2017 1119 2081 120
1145 2037 1213 2100 sqq.
1241 2010 1306 2098 ἐγώ
1334 2007 1391 2078 δ’Ι

190 2110 276 2200 ὑπὲρ
301 2108 346 2182 ὧν
364 2113 425 2200 μὲν
442 2119 482 2202 τῇ
506 2115 606 2182 πόλει
627 2119 842 2184 καταλείπειν
866 2115 977 2206 φήσει,
998 2121 1188 2184 τοσοῦτον
1210 2117 1296 2202 λέγω
1316 2151 1368 2178 -.

192 2214 276 2286 ἀλλὰ
297 2213 362 2305 μὴν
383 2211 468 2306 ὑπὲρ
493 2208 538 2284 ὧν
559 2241 597 2302 γε
620 2217 686 2284 κτέ.
705 2221 836 2303 (praes).

277 2317 316 2384 D.
339 2321 393 2400 20,
415 2318 457 2386 58
485 2313 570 2386 ἀλλὰ
596 2315 635 2407 νὴ
657 2316 715 2386 Δί’
741 2313 836 2386 οὗτοι
861 2317 958 2404 μόνοι
978 2323 1076 2386 wirto
1100 2323 1288 2400 πείσονται,
1310 2321 1367 2386 καί

192 2419 421 2510 περὶτούτων
442 2417 554 2504 μόνων
576 2425 739 2506 ποιοῦμαι
761 2420 859 2507 λόγον
880 2424 1049 2488 τοσοῦτον.
1092 2421 1220 2486 πολλοῦ
1245 2445 1283 2504 γε
1309 2423 1367 2487 καί

195 2526 268 2592 δέω.
313 2519 399 2590 ἀλλὰ
430 2521 560 2602 πάντας
590 2520 650 2608 μὲν
677 2518 757 2591 αδδ
785 2519 829 2590 ἀν
862 2519 1126 2611 ἐγχειρήσαιμ’
1156 2521 1367 2604 ἐξετάζειν,

192 2625 267 2694 ὅσοι
284 2647 339 2674 -·
363 2628 402 2694 ἓν
424 2620 455 2692 δ’
476 2619 497 2713 ἢ
519 2621 586 2692 δύο
610 2625 721 2707 δείξας
743 2624 793 2694 ἔτι
814 2621 1008 2715 ψηφίσματ’
1030 2621 1286 2708 ἀπαλλάττομαι
1306 2628 1367 2692 τοῦ

192 2731 273 2816 περὶ
298 2726 424 2796 τούτων
447 2728 555 2813 λέγειν
576 2731 706 2812 (praes).
749 2727 788 2794 D.
811 2731 865 2809 24,
888 2731 950 2796 126
972 2749 1019 2812 sq.
1041 2723 1127 2794 ἀλλὰ
1148 2723 1369 2806 Μελάνωπος

193 2828 300 2896 δεινὸν
328 2827 367 2918 νὴ
390 2827 448 2898 Δί’
474 2828 563 2898 ἐστίν
591 2829 622 2896 εἰ
649 2829 863 2919 δεθήσεσθαι
888 2835 944 2896 νῦν
967 2829 1113 2912 ἔμελλεν.
1150 2825 1244 2896 ἀλλὰ
1270 2830 1365 2914 περί

191 2927 261 3016 μὲν
296 2935 364 2996 τοῦ
404 2928 555 3018 πατρὸς
590 2926 707 2998 αὐτοῦ
747 2927 860 2999 οὐδὲν
896 2928 940 2998 ἀν
980 2933 1155 3020 φλαῦρον
1196 2929 1366 3013 ε’ίπσιμι,

194 3027 276 3100 οὐδ’
315 3031 351 3100 εί
390 3029 491 3100 πάνυ
527 3028 640 3100 πόλλ’
677 3031 751 3116 ἔχω
787 3035 881 3119 περί
915 3035 1065 3122 κλοπῆς
1100 3033 1244 3115 εἰπεῖν,
1283 3025 1362 3099 ἀλλ’

193 3134 293 3202 έστω
318 3132 407 3220 ἐμοὶ
430 3131 582 3212 ἐκεῖνός
603 3157 645 3219 γε
667 3133 945 3214 τοιοῦτοςοίον
968 3131 1011 3202 ἀν
1030 3132 1278 3224 Τιμοκράτης
1300 3129 1367 3200 αὖ·

192 3235 258 3304 τὸν
282 3233 575 3324 ἐγκωμιάσειεν.
611 3231 684 3302 ἀλλ’
706 3236 737 3304 εί
756 3241 900 3336 χρηστοῦ
923 3235 1050 3324 πατρὸς
1073 3233 1118 3302 ὢν
1141 3233 1289 3326 πονηρὸς
1311 3237 1368 3302 καί
1475 3259 1481 3268 ·

195 3339 342 3430 κλέπτης
368 3328 407 3428 ἦν
434 3338 491 3406 καί
508 3374 563 3418 -,
594 3335 633 3408 οά
658 3337 807 3427 τοσούτῳ
834 3339 961 3424 μᾶλλον
988 3336 1087 3420 αὐτὸν
1115 3337 1183 3406 ἔδει
1206 3339 1370 3406 δεδέσθαι

195 3439 261 3506 κτὲ.
281 3439 474 3522 (ἐπιείκεια)

279 3540 354 3606 Non
368 3541 510 3626 ejusdem
524 3562 654 3628 prorsus
674 3543 750 3608 sunt
765 3543 941 3628 generis-
957 3544 984 3609 si
1001 3544 1100 3609 verbs
1117 3563 1200 3628 quas
1218 3547 1372 3628 antegre-

195 3643 328 3710 diuntur
346 3647 580 3728 spectamus-
597 3641 653 3708 ssd
671 3643 788 3709 similia
805 3649 913 3712 tamen
930 3645 975 3711 1).ι
985 3649 1035 3727 39,
1053 3643 1095 3710 25
1113 3649 1223 3712 καίτοι
1240 3643 1373 3722 πάντας

195 3741 290 3830 οἶμαι
318 3741 416 3812 soi-9³
441 3740 526 3828 ὑμᾶς
553 3743 691 3828 είδέναι,
718 3751 768 3824 τίς
797 3737 835 3836 ἦν
860 3741 1085 3837 χρηματιστής
1107 3739 1124 3813 δ
1147 3744 1277 3834 πατήρ·
1305 3743 1365 3832 έγιῖ

196 3841 227 3914 δ’
253 3844 354 3914 ἐάσω
387 3849 499 3912 ταῦτα.
537 3841 617 3912 ’ἀλλ’
642 3846 674 3914 εί
696 3846 761 3914 mi.
788 3855 820 3914 et
846 3847 980 3930 (1).)45,
1003 3851 1040 3914 11
1071 3844 1136 3934 έγιδ
1157 3854 1267 3915 τοίνυν
1290 3847 1374 3934 περί

195 3949 257 4036 μὲν
278 3953 338 4015 τοῦ
357 3985 396 3996 -
421 3947 534 4014 οὐδέν
564 3972 624 4014 πω
648 3949 761 4036 λέγω,
782 3946 860 4018 οὐδὲ
881 3943 968 4038 δπδρ
994 3953 1052 4018 τοῦ
1071 3987 1126 4032 -,
1148 3946 1222 4018 ἀλλ’
1247 3943 1370 4032 ικάτίχ>

198 4045 284 4132 ἀμᾶς
304 4051 384 4137 περί
402 4045 528 4116 τοίτων
547 4047 687 4131 διδάξω·
715 4046 788 4118 ἀλλ’
814 4045 835 4118 ἃ
856 4048 1127 4139 μεμαρτυρήκασι
1145 4049 1211 4117 κτέ.
1232 4051 1374 4132 (dilatio,

196 4189 399 4202 --.μ-,-

267 4271 292 4336 ⁸)
310 4269 349 4326 ct
368 4267 462 4338 spuis
481 4267 515 4322 ds
533 4275 584 4326 stt.
602 4268 671 4328 rhei.
684 4271 706 4338 1,
725 4274 773 4328 371
792 4271 928 4342 spinga,
946 4270 1024 4342 cujus
1041 4267 1124 4326 verbs
1141 4269 1219 4324 attuli
1237 4271 1303 4340 p.2
