3098 4732
107 1931 128 1960 Ι,

755 177 776 242 5

687 266 838 274 -ι--ι

171 366 298 450 locique
337 365 463 430 ratione
500 364 629 443 habita,
668 365 826 448 optimum
868 366 917 428 est
952 364 1056 428 visum
1091 365 1232 449 quinque
1268 364 1351 428 divi·

174 469 248 534 dere
283 468 379 551 hujus
414 467 537 552 figurae
568 487 696 552 genera.
748 464 891 540 Quorum
922 488 1023 530 unum
1054 467 1283 551 complectetur
1314 459 1351 531 ea

174 571 335 654 exempla,
371 591 453 654 quae
483 569 688 652 reperiuntur
719 567 754 632 in
788 567 929 632 transitu
964 567 1004 631 ad
1034 569 1081 632 rei
1112 563 1351 652 expositionem,

172 672 312 736 alterum
344 693 393 752 ea,
424 692 506 754 quae
536 671 571 734 in
593 670 785 734 transitione
815 670 856 735 ad
886 692 954 734 rem
981 691 1098 734 novam
1129 671 1235 755 posita
1266 673 1356 752 sunt,

171 775 307 838 tertium
333 795 382 849 ea,
410 797 429 838 a
455 773 585 859 quibuS,
614 772 798 857 praeposita
820 772 996 840 adversarii
1018 773 1274 854 confirmatione,
1299 773 1348 836 in·

172 877 254 959 cipit
276 873 441 957 refutatio,
464 879 616 961 quartum
639 897 690 956 en,
712 896 794 960 quae
816 875 986 940 enuntiato
1009 874 1195 939 secundario
1218 874 1269 939 vel
1291 897 1349 958 pa·

175 977 318 1044 renthesi
340 977 556 1058 continentur,
578 977 728 1062 quintum
750 977 807 1040 illa
829 977 869 1041 ad
891 977 1127 1042 revocationem
1144 998 1245 1060 prope
1263 997 1350 1042 acce-

173 1080 298 1161 dentia,
326 1101 408 1164 quae
430 1080 465 1143 in
488 1080 632 1144 clausula
654 1079 706 1144 vol
727 1079 790 1144 loci
811 1079 976 1164 cujusdam
995 1079 1050 1144 ,vel
1071 1078 1172 1143 totius
1195 1078 1349 1144 orationis

174 1185 251 1246 sunt
282 1182 447 1246 collocata.
489 1180 577 1246 Haec
608 1203 728 1267 genera
759 1203 931 1265 eorumque
961 1185 1070 1266 partes
1098 1201 1170 1244 cum
1201 1180 1350 1264 deinceps

171 1288 361 1368 persecutus
384 1305 451 1364 ero,
477 1284 618 1349 breviter
641 1305 677 1348 ea
700 1283 930 1369 perstringam,
945 1304 1038 1373 :quae
1064 1285 1230 1367 praeterea
1257 1287 1289 1346 et
1312 1283 1350 1347 de

172 1406 211 1449 eo
230 1386 381 1466 membro,
403 1408 467 1470 quo
490 1387 673 1451 continetur
696 1386 833 1467 omissio,
855 1389 888 1450 et
909 1385 947 1450 de
968 1386 1034 1466 illo,
1056 1386 1142 1469 quod
1163 1385 1350 1470 plerumque

171 1487 249 1550 lruic
271 1487 452 1570 opponitur,
475 1488 675 1554 admonenda
696 1487 776 1552 mihi
798 1485 1003 1572 notandaque
1024 1485 1092 1552 visa
1114 1489 1199 1552 sunt.
1242 1485 1350 1552 Prius-

173 1611 272 1674 quam
303 1593 411 1653 autem
442 1591 483 1654 ad
509 1612 577 1654 rem
603 1591 706 1674 ipsam
738 1591 920 1676 aggrediar,
950 1613 1051 1654 unum
1082 1590 1262 1655 addendum
1293 1595 1351 1672 est,

168 1692 263 1775 'quod
289 1691 317 1756 si
340 1691 470 1756 silentio
491 1692 757 1773 transmitterem,
788 1713 852 1757 non
875 1695 961 1756 recte
984 1713 1119 1777 agerem.
1164 1691 1244 1757 Oum
1267 1699 1349 1777 'quae

175 1793 280 1877 primo
307 1795 340 1857 et
366 1792 461 1856 alteri
487 1793 599 1876 generi
618 1794 765 1878 exempla
792 1794 940 1875 attribui,
969 1793 1087 1858 horum
1112 1795 1215 1858 multa
1236 1794 1349 1859 iisdem
1442 1790 1444 1793 ’

175 1894 359 1969 inferantur
386 1895 552 1978 particulis
574 1895 634 1976 (δέ,
657 1900 725 1976 καί,
745 1893 798 1984 δή,
820 1886 886 1979 οὖν,
906 1900 1038 1977 τοίνυν),
1060 1896 1182 1980 pariter
1204 1896 1238 1962 iu
1260 1899 1352 1959 tran-

176 1997 242 2062 situ
274 1996 315 2060 ad
342 1997 390 2060 rei
416 1997 646 2080 expositionem
674 2001 772 2082 atquo
799 1998 833 2064 iu
858 1998 1000 2062 transitu
1022 1999 1064 2064 ad
1084 2019 1204 2068 novum
1230 1999 1353 2082 aliquid

114 2142 122 2159 Ι
168 2099 317 2180 usitatis,
343 2085 597 2164 fieriun'tadum
619 2100 739 2184 potuit,
761 2101 855 2164 utin
877 2100 1081 2183 disponendis
1103 2099 1181 2166 locis
1204 2121 1352 2166 errorem.

174 2197 359 2283 Ejusmodi*
375 2223 498 2268 errores
529 2202 557 2268 si
587 2203 722 2268 lectores
753 2202 1052 2284 animadverterint,
1088 2223 1141 2268 eos
1176 2207 1214 2270 ut
1247 2203 1282 2268 in
1317 2225 1352 2268 re

175 2322 241 2366 non
268 2302 315 2366 ita
341 2303 438 2386 plana
468 2325 593 2388 semper
620 2309 653 2370 et
684 2309 796 2389 aperta
826 2325 919 2390 spero
949 2305 1030 2370 mihi
1055 2305 1181 2373 veniam
1211 2305 1353 2372 daturos.
