3098 4732
719 183 724 190 ’
775 183 797 244 '2
1253 209 1262 244 ι

195 393 268 454 μεν.
312 367 349 435 ἐκ
379 369 442 451 μὲν
473 357 531 433 οὖν
562 372 629 434 τῶν
658 372 718 456 τῆς
748 367 899 444 διανοίας
929 364 1120 454 σχημάτων,
1154 365 1192 433 ἐν
1220 367 1284 449 μὲν
1311 371 1372 453 τῆς

195 471 439 558 παραλείψεως
470 463 720 557 ὀνομαζομένης
744 465 850 545 αἴτιος
875 466 925 546 (Ι).
945 471 981 548 9,
1001 470 1053 548 26)
1069 507 1124 530 -.
1155 467 1191 534 ἐν
1211 465 1274 554 γὰρ
1295 467 1372 534 τού-

191 597 264 651 τσις
294 573 351 638 καὶ
382 571 493 660 εἴρηκε
526 569 653 650 πάντα,
683 569 747 637 ὅσα
775 567 946 653 ἐβούλετο,
972 573 1028 636 καὶ
1053 571 1262 656 παραλιπεῖν
1288 566 1373 636 circi

194 697 312 764 φησιν,
339 669 385 752 ὡς
410 671 582 758 δεινότερα
608 672 721 738 εἰπεῖν
752 671 839 754 ἔχων
870 671 984 758 ἕτερα,
1013 673 1203 756 qussnuscum
1228 673 1268 736 cf.
1289 695 1372 757 quse

194 777 234 841 de
261 775 491 861 praeter-itione
516 775 552 839 in
577 773 773 839 refutatione
798 773 943 838 adhibite
973 774 1053 838 dicit
1077 773 1217 858 Apeines
1242 775 1282 839 de
1312 780 1372 839 nrt.

193 879 277 943 rhet
298 877 329 960 Ι,
352 879 413 944 371
447 874 639 962 εἰσάγονται
669 872 701 942 d'
729 875 766 941 αἱ
795 876 858 958 μὲν
884 871 1127 960 ἀσθενέστεραι
1156 875 1297 954 (λύσεις),
1327 871 1373 955 ὦς

195 979 255 1048 ἐπὶ
281 977 320 1047 τὸ
347 981 510 1046 πλεῖστον
532 975 619 1043 κατὰ
644 975 861 1064 παράλειψιν,
886 977 923 1042 αἱ
950 977 988 1043 δὲ
1015 976 1224 1064 ἰσχυρότεραι
1246 982 1291 1057 ὡς
1313 979 1373 1046 ἐπὶ

192 1080 231 1148 τὸ
259 1083 420 1148 πλεῖστον
447 1085 709 1167 προηγουμένως
735 1078 1050 1166 ἒπισημαινομένιον
1078 1075 1170 1165 ἡμῶν
1191 1077 1252 1159 τὰς
1273 1079 1373 1148 dord-

192 1207 268 1268 μεις
289 1179 407 1250 αὐτῶν.
445 1181 552 1248 ἐνίοτε
574 1187 690 1265 μέντοι
707 1183 764 1246 καὶ
781 1180 818 1246 αἱ
836 1179 1046 1268 ἰσχυρότεραι
1063 1179 1149 1248 κατὰ
1166 1182 1370 1268 παράλειψιν

193 1290 359 1366 τίθενται,
381 1279 426 1362 ὡς
449 1281 484 1350 ἐν
507 1288 555 1369 τῷ
578 1279 664 1368 πρὸς
685 1289 866 1371 Λεπτίνην
887 1286 917 1364 (5
939 1286 977 1362 21
1012 1282 1062 1346 Ex
1084 1284 1267 1350 rhetoricus
1284 1285 1371 1350 Lati-

193 1388 244 1452 nis
272 1385 492 1470 copiosissime
519 1385 559 1450 de
585 1384 647 1449 hec
673 1385 779 1470 figura
805 1385 934 1469 scripsit
956 1384 1145 1450 Cornificius
1170 1387 1212 1452 ad
1232 1386 1372 1452 Hereum

193 1488 252 1570 IV,
273 1491 329 1570 27,
349 1491 391 1556 37
423 1487 646 1554 Occultetio
673 1493 736 1569 est,
762 1509 862 1572 quum
883 1487 1018 1552 dicimus
1038 1509 1098 1554 nos
1119 1491 1295 1573 praeterire
1316 1495 1373 1554 sut

192 1612 259 1656 non
285 1589 366 1656 scire
393 1594 450 1654 eut
476 1590 563 1656 nolle
590 1589 696 1654 dicere
721 1589 769 1669 id,
793 1588 880 1674 quod
905 1593 983 1654 tunc
1008 1590 1146 1654 maxime
1171 1591 1305 1656 dicimus
1322 1629 1371 1657 —.

193 1691 282 1758 Haec
309 1691 399 1756 utilis
424 1695 475 1757 est
502 1692 683 1771 exornatio,
708 1691 736 1756 si
762 1695 820 1756 eut
846 1712 927 1772 rem,
953 1713 1050 1775 quum
1075 1714 1151 1757 non
1176 1694 1370 1776 pertinent

194 1795 285 1862 eliis
311 1793 528 1875 ostendere,
555 1793 706 1858 occulte
731 1793 975 1858 admonuisse
999 1793 1131 1877 prodest
1151 1799 1209 1860 eut
1234 1789 1262 1860 si
1288 1797 1372 1860 lon·

193 1919 281 1984 gum
307 1901 357 1962 est
384 1901 441 1962 eut
468 1890 644 1983 ignobile
670 1902 728 1962 eut
753 1897 912 1980 plenum
937 1918 1012 1962 non
1039 1901 1170 1982 potest
1195 1895 1287 1963 fieri
1317 1901 1374 1962 sut

193 1998 311 2065 facile
341 2002 471 2082 potest
500 1999 748 2083 reprehendi,
779 2002 816 2062 nt
842 1998 955 2064 utilius
982 1998 1024 2063 sit
1054 1999 1205 2064 occulte
1234 1997 1375 2065 iecisse

192 2099 451 2184 suspicionem
473 2121 571 2184 quem
593 2100 751 2183 ejusmodi
776 2100 953 2164 intendisse
978 2099 1170 2180 orationem,
1195 2123 1279 2186 quse
1301 2101 1373 2166 red-

195 2205 362 2287 arguetur.
409 2199 494 2266 Huic
524 2201 608 2266 eddo
633 2199 734 2265 Rutil.
756 2200 837 2285 Lup.
867 2224 898 2286 p
926 2203 988 2268 120
1018 2201 1066 2266 ed.
1086 2200 1216 2266 Ruhnk.
1258 2201 1373 2268 Puru-

194 2303 364 2386 siopesis
408 2301 479 2368 Hoc
500 2307 559 2384 cst,
579 2323 653 2368 cum
675 2301 798 2387 aliquid
819 2325 879 2368 nos
899 2303 1034 2368 reticere
1055 2303 1190 2370 dicimus
1212 2308 1374 2370 ettamen

193 2405 330 2470 tacitum
360 2403 566 2490 intelligitur.
609 2403 653 2468 Ee
682 2403 743 2468 hoc
773 2405 930 2470 utendum
960 2408 1024 2485 est,
1054 2426 1128 2469 cum
1158 2410 1216 2471 aut
1244 2413 1374 2471 notam

193 2529 264 2572 rem
287 2528 357 2572 esse
382 2505 583 2572 auditoribus
614 2507 811 2572 arbitremur
833 2515 891 2572 ent
920 2506 1176 2589 suspicionem
1207 2509 1374 2573 excitare

193 2608 376 2692 majorem
409 2609 574 2674 reticendo
609 2630 786 2694 possumus
834 2607 944 2692 Aquil.
973 2607 1065 2674 Rom.
1095 2631 1126 2693 p
1154 2612 1215 2678 149
1244 2609 1373 2674 Ruhnk.

193 2709 377 2796 Perelipsis,
398 2711 642 2795 praeteritio.
685 2709 849 2796 Frequens
870 2715 921 2775 est
942 2709 1038 2793 hujus
1060 2709 1185 2796 figuras
1205 2733 1296 2792 usus,
1317 2712 1374 2777 ubi

193 2813 288 2897 quusi
310 2814 607 2897 praetermittentes
629 2813 786 2897 quaedum
807 2811 1018 2878 nihilominus
1044 2812 1178 2878 diunius
1205 2849 1255 2876 -.
1296 2813 1373 2880 Ute·

194 2936 267 2980 mur
288 2917 398 2979 autem
419 2914 480 2980 hoc
502 2915 688 2998 adjumento
710 2913 744 2978 in
766 2914 831 2995 his,
856 2936 940 2998 quae
969 2915 1125 2980 infirme
1150 2913 1202 2978 vel
1227 2914 1372 2982 invidi·
1442 2903 1448 2912 ’

194 3037 260 3082 osa
282 3015 375 3081 nobis
397 3014 510 3092 future
530 3019 623 3096 sunt,
644 3015 672 3082 si
694 3015 816 3080 directo
838 3016 995 3081 dicantur.
1038 3015 1102 3082 JuL
1123 3014 1229 3080 Rufin.
1256 3039 1287 3102 p.
1309 3020 1373 3086 274

194 3117 326 3182 Ruhnk.
368 3115 625 3202 Antiphresis
660 3122 710 3184 est
744 3119 851 3203 figure
884 3119 1077 3200 sententiae,
1110 3139 1183 3184 cum
1217 3119 1375 3203 quaedem

193 3241 350 3306 negemus
388 3235 448 3284 nos
483 3218 588 3284 dicere
629 3224 661 3284 et
697 3225 807 3285 temen
842 3219 976 3286 dicimus
1004 3257 1054 3284 -.
1106 3219 1222 3286 Latine
1257 3221 1375 3286 dicitur

194 3321 361 3388 omissio.
403 3318 454 3386 Er
476 3320 538 3404 his,
558 3343 640 3406 quos
661 3322 773 3403 anuli,
794 3327 940 3389 veterum
962 3307 1237 3398 rhetorumfflocis
1250 3322 1372 3388 intelli·

195 3422 285 3508 gitur
312 3423 437 3510 figurae
464 3427 588 3508 septem
615 3423 742 3488 nomine
768 3421 881 3505 fuisse,
910 3429 1066 3508 quattuor
1088 3422 1209 3490 Graece
1229 3429 1315 3502 (sunt
1336 3445 1373 3488 eu

194 3523 417 3612 παράλειψις,
444 3523 721 3614 παρασιώπησις,
746 3519 995 3615 ὖποσιώπησις,
1017 3521 1225 3614 ἀντίφρσσις)
1250 3533 1284 3591 et
1308 3525 1374 3591 trie

194 3625 322 3708 Latine,
343 3649 426 3712 qnue
447 3631 524 3692 sunt
546 3628 744 3712 praeteritio,
766 3629 904 3709 omissio,
925 3627 1106 3694 occultatio.
1141 3626 1268 3693 Nomen
1285 3627 1373 3692 enti·

194 3727 321 3812 phrasis
348 3733 617 3800 commemoretur
638 3730 736 3796 etium
758 3753 778 3796 a
800 3729 999 3806 Quintiliano
1021 3727 1082 3810 IX,
1104 3731 1138 3809 2,
1158 3733 1216 3812 47,
1239 3728 1310 3813 qui,
1334 3733 1373 3794 ut

194 3835 355 3898 statueret
382 3832 451 3915 jum
473 3831 689 3898 Anaximenes
711 3836 749 3900 21
778 3832 819 3914 (Ι,
840 3856 871 3917 p.
892 3835 955 3900 208
978 3830 1149 3916 Spengel),
1169 3830 1372 3916 praeteritio-

193 3953 268 4000 nem
289 3933 360 4000 vult
388 3955 490 4021 genus
512 3933 673 4019 quoddam
695 3934 817 4000 ironiae
840 3955 917 4001 esse.
959 3931 1043 3998 Vide
1064 3955 1147 4018 quse
1168 3935 1280 3998 contra
1302 3931 1372 4014 ejus

194 4035 403 4118 seutentiam,
434 4059 532 4121 quem
560 4036 694 4121 longum
722 4040 771 4102 est
797 4035 850 4100 hic
875 4035 977 4100 fusius
1004 4053 1172 4119 exponere,
1192 4032 1372 4117 disputavit

194 4133 388 4204 Volkmann.
410 4137 450 4206 de
472 4143 533 4204 ert
555 4138 636 4204 rhet.
659 4137 769 4204 Graec
790 4143 823 4204 et
846 4137 937 4204 Rom
961 4159 993 4222 p.
1014 4139 1087 4204 427.
1130 4133 1278 4201 Ceterum
1304 4157 1371 4202 uon

193 4259 317 4326 semper
344 4245 488 4306 oratores
514 4241 601 4326 quod
628 4239 776 4306 omittere
803 4261 837 4306 se
863 4239 1006 4306 dicerent
1035 4257 1148 4320 reapse
1178 4258 1370 4304 commemo·
