3098 4732
815 159 857 224 30

758 245 910 252 ———.

247 350 382 430 μέγονεν
411 342 449 412 ἐκ
474 347 532 410 τού
560 378 599 390 -
629 337 753 427 ἀγαθά.
797 337 882 407 εἶεν·
914 341 951 410 ἐκ
978 343 1015 410 δὲ
1041 347 1100 412 τοῦ
1128 381 1167 392 ·-
1195 344 1288 413 πόσα
1308 345 1431 428 ’δεινάς

250 447 323 531 Lys.
346 449 397 528 32,
420 450 458 512 11
484 440 613 512 πολλὰ
637 440 681 510 δν
704 443 764 533 ε’ίη
789 442 1033 528 reparatam
1056 444 1121 512 κτὲ.
1152 444 1192 512 ef.
1213 445 1428 534 Frohbergar.

247 549 292 614 ad
312 549 332 612 L
355 551 387 612 et
407 546 542 632 append.
568 569 598 631 p.
622 548 693 614 166.
735 546 927 631 Aeyndaton
948 551 1058 614 tuetur
1080 547 1177 612 etiam
1198 547 1428 618 Demosthenis

248 652 351 730 loeus,
380 671 476 735 quem
507 649 601 716 modo
629 649 737 731 attuli,
769 653 800 714 et
826 652 954 732 praeter
980 649 1072 714 illum
1099 648 1138 714 D.
1159 652 1215 731 54,
1237 654 1279 718 44
1309 650 1426 721 πόλλ’

248 749 294 820 δν
318 750 452 841 εἰπεῖν
475 746 598 834 ἔχοιμ’
624 787 664 798 -
688 752 753 818 καὶ
776 744 825 828 ὡς
847 786 887 796 -
910 753 977 818 καὶ
999 787 1039 798 -
1062 753 1185 818 καλ-
1205 755 1338 837 καὶ-,
1361 759 1429 824 καὶ

249 849 300 934 ὡς
327 876 384 902 -—·
416 849 489 920 ἀλλ’
519 849 595 920 οὔτε
621 850 659 918 τὸ
685 849 775 939 ὕδωρ
804 850 930 932 ἱκανόν,
961 851 1036 920 ούτε
1067 858 1123 920 νύν
1149 856 1229 942 περὶ
1254 853 1380 923 τούτων
1408 855 1428 924 ὁ

251 955 347 1043 λόγος
378 955 476 1037 ἐστίν,
506 956 540 1020 in
572 976 635 1039 quo
662 955 768 1022 verbis
795 980 832 1020 ιτ.
860 950 890 1022 δ.
917 954 956 1024 εἰ.
983 955 1009 1022 λ’.
1036 956 1192 1022 transitus
1223 963 1358 1042 paratur
1384 962 1428 1026 ad

246 1059 421 1144 epilogum,
441 1060 473 1122 et
491 1055 639 1142 Dionysii
657 1055 730 1122 Hat
748 1057 846 1139 loeus,
864 1079 959 1142 quam
978 1081 1075 1144 supra
1089 1059 1158 1142 jam
1175 1060 1273 1125 attuli
1290 1064 1322 1126 et
1340 1059 1428 1128 infra

246 1162 353 1228 denuo
376 1157 544 1244 proferam.
571 1195 611 1206 -
639 1157 678 1224 D.
701 1162 752 1242 24,
774 1161 813 1228 61
842 1159 1016 1240 πολλοὺς
1043 1157 1078 1228 δ’
1107 1159 1151 1230 ἄν
1177 1187 1236 1241 τις
1262 1162 1345 1246 ἔχοι
1371 1163 1429 1232 νύ-

245 1289 333 1348 μους
364 1262 414 1330 ’ἐτι
440 1263 496 1328 καὶ
522 1263 632 1340 καλῶς
658 1260 794 1346 ἐ’χοντας
826 1261 1039 1345 δεικνύναι,
1070 1263 1121 1343 οἷς
1146 1269 1250 1332 πᾶσιν
1278 1264 1429 1346 ἐναντίος

248 1366 340 1434 ἐστίν
362 1361 399 1432 ὃν
422 1355 519 1442 ούτος
543 1368 707 1431 τέθεικεν.
751 1359 825 1432 ἀλλ’
848 1363 932 1443 ἰ’σως
954 1401 1003 1430 -.
1049 1371 1125 1444 πῶς
1152 1356 1208 1432 ούν
1232 1373 1294 1451 μοι
1320 1367 1429 1448 δοκεῖς

245 1466 326 1546 τούς
351 1466 413 1552 μὲν
436 1465 556 1545 ἄλλους
586 1464 667 1547 ἐᾶν,
693 1468 775 1553 περὶ
802 1461 833 1532 δ’
858 1459 896 1534 ού
918 1465 1082 1554 πρότερόν
1104 1463 1184 1535 ποτ’
1209 1465 1307 1548 αύτὸς
1329 1462 1429 1550 οὗτος

247 1568 357 1658 ἔθηκε
379 1566 481 1652 νόμον
509 1565 676 1636 διελθόντ’
704 1563 760 1635 ἐντ’
786 1565 886 1636 ἐκεῖν’
912 1567 999 1636 ἰέναι
1020 1565 1058 1636 τὸ
1080 1575 1182 1658 μέρος
1203 1575 1262 1658 τῆς
1285 1597 1428 1662 κατηγο-

246 1676 324 1758 ρίας
347 1667 420 1760 ἤδη,
442 1663 487 1749 ὦς
510 1669 576 1737 nat.
618 1669 658 1734 D.
680 1673 731 1752 20,
754 1672 816 1738 163
838 1667 966 1738 πολλὰ
988 1667 1019 1738 δ’
1045 1669 1088 1738 ἄν
1109 1697 1169 1751 τις
1191 1672 1275 1755 ἐ’χοι
1297 1676 1426 1761 λέγειν

249 1772 309 1840 ἔτι
336 1775 401 1840 καί
427 1773 622 1868 διεξιέναι
644 1775 804 1859 περὶτοῦ
827 1795 886 1822 -·
908 1769 982 1842 ἀλλ’
1006 1769 1049 1842 ἵν)
1074 1772 1110 1842 ἐν
1132 1776 1306 1864 κεφαλαίῳ
1327 1783 1425 1846 τοῦτο

246 1873 385 1966 μάθητε
409 1873 475 1942 κτὲ.
497 1876 652 1962 (sequitur
675 1870 983 1964 δνακεφαλαίωσιςλ
1019 1876 1058 1942 D.
1080 1879 1131 1958 24,
1155 1880 1216 1944 194
1237 1880 1368 1948 πολλὰ
1393 1875 1423 1947 δ’

250 1975 296 2044 δν
318 2003 375 2056 τις
399 1976 483 2060 ἔχοι
505 1979 647 2063 λέγειν,
674 1975 705 2044 εί
728 1972 811 2044 καθ’
836 1975 977 2046 ἕκαστον
1000 1969 1045 2043 ὧν
1068 1976 1140 2066 ἐρεῖ
1160 1977 1326 2048 δεικνύναι
1347 1981 1429 2066 βού-

251 2081 342 2148 λοιτο
371 2116 420 2141 -.
465 2075 550 2146 ἀλλὰ
575 2075 618 2146 τὰ
643 2079 705 2163 μὲν
737 2074 849 2146 πολλὰ
875 2077 1055 2168 παρήσω,
1082 2079 1265 2168 κεφάλαιον
1294 2079 1323 2148 δ’
1352 2078 1428 2168 ύμῖν

247 2177 269 2248 δ
299 2175 536 2270 μνημονεύσετ’
571 2179 636 2268 ἐρῶ
666 2183 800 2264 (praee).
848 2179 889 2246 Ia.
919 2182 974 2262 15,
999 2183 1060 2250 251
1093 2178 1193 2248 ττολύ
1226 2179 1262 2250 δ’
1296 2182 1340 2252 δν
1370 2213 1430 2264 τις

250 2282 335 2365 δχοι
370 2284 534 2362 τελείους
573 2280 700 2348 τούτων
733 2279 942 2361 ἐναντιώσεις
978 2296 1212 2370 συναγαγεῖν
1246 2307 1302 2332 -·
1339 2285 1430 2356 ἐπεὶ

249 2386 316 2452 καλ
337 2382 418 2452 τάδε
439 2387 520 2472 περὶ
541 2389 608 2450 τῶν
631 2379 738 2452 αὐτῶν
760 2383 886 2452 τούτων
909 2384 1035 2454 ἔνεστιν
1054 2385 1175 2454 εἰπεῖν.
1210 2385 1430 2458 Memorabilia

250 2487 340 2552 loeus
365 2477 550 2574 propterea,
576 2487 676 2572 quod,
701 2507 774 2552 eum
799 2491 960 2572 'exapeetee
988 2492 1149 2556 oratorem
1175 2489 1216 2554 ad
1243 2491 1330 2556 aliud
1350 2495 1429 2576 quid

250 2589 479 2672 transiturum,
505 2611 625 2656 novum
651 2589 698 2656 rei
725 2589 905 2674 exemplum
925 2589 1056 2656 additur
1078 2613 1135 2676 per
1157 2595 1241 2676 part.
1263 2589 1340 2662 ἐπεὶ
1363 2601 1430 2664 καί.

251 2691 325 2760 vid.
344 2692 479 2760 Birkler.
496 2694 531 2760 in
548 2715 742 2779 programm.
760 2715 870 2780 gymn.
893 2692 1012 2784 Ehing.
1031 2696 1122 2770 1867,
1145 2718 1176 2780 p.
1193 2699 1235 2763 29
1253 2719 1309 2780 οη,
1330 2720 1430 2782 quae·

248 2815 314 2879 que
345 2794 384 2860 de
415 2818 476 2860 usu
506 2795 738 2882 particularum
769 2794 847 2864 ἐπεὶ
877 2798 933 2863 καὶ
963 2797 1092 2882 scripsit
1118 2795 1300 2864 Schneider.
1322 2801 1363 2866 ad
1388 2800 1428 2866 Ia

249 2899 281 2977 4,
301 2898 371 2962 131.
406 2895 511 2981 Prope
529 2898 570 2961 ad
587 2897 683 2980 hune,
704 2899 743 2964 de
765 2919 829 2983 quo
852 2899 987 2984 agimus,
1008 2900 1114 2966 locum
1131 2901 1254 2966 aceedit
1271 2900 1312 2968 la
1329 2903 1359 2981 6,
1375 2903 1427 2980 47,

252 3003 382 3084 praeter
400 3019 496 3082 quem
513 2997 660 3064 etetiam
676 2998 718 3064 Ia.
738 3002 788 3082 16,
805 3003 856 3068 39.
871 3037 911 3048 -
925 3000 1019 3068 Dion.
1028 3000 1101 3066 Hat
1115 3002 1227 3068 histor.
1248 3025 1279 3087 p.
1297 3005 1356 3071 241
1380 3002 1429 3066 εδ.

254 3099 412 3185 Kraeger.
442 3097 571 3168 πολλὰ
601 3098 768 3168 τοιαῦτα
800 3126 860 3180 τις
891 3099 935 3170 δν
967 3100 1077 3189 εύροι
1109 3103 1185 3172 κτὲ.
1214 3103 1287 3188 Lys.
1310 3105 1362 3185 10,
1388 3106 1434 3172 20

251 3199 381 3272 πολλὰ
415 3201 456 3268 δὲ
487 3207 651 3270 τοιαῦτα
683 3205 747 3270 καλ
775 3200 874 3270 ἄλλα
900 3202 1025 3286 ἐστίν,
1050 3194 1077 3270 ὦ
1104 3202 1135 3272 δ’.
1157 3205 1194 3287 δ,
1226 3201 1300 3273 ἀλλ’
1329 3205 1361 3274 εί
1385 3203 1432 3292 μὴ

250 3305 409 3394 σιδηροῦς
433 3301 531 3384 ἐστιν,
553 3303 669 3388 ολόμαι
690 3301 791 3374 αὐτὸν
813 3304 927 3374 ἔννουν
948 3312 1119 3394 μεμονέναι
1141 3304 1192 3376 δτι
1214 3306 1280 3376 κτὲ.

190 3469 201 3480 ,
338 3405 377 3472 D.
404 3411 461 3488 21,
488 3410 549 3476 182
577 3409 633 3476 καλ
665 3403 839 3488 πολλούς
871 3403 916 3475 δυ
945 3408 1104 3496 δτίρους
1134 3409 1262 3493 ἔχοιμι
1293 3411 1436 3496 λέγειν,

250 3501 300 3576 ὧν
323 3545 373 3574 -—.
416 3504 510 3594 ὑμεῖς
532 3505 575 3591 δ’,
602 3500 629 3576 ὦ
656 3507 686 3576 δ.
710 3506 769 3592 A,
796 3516 930 3600 Σμίκρῳ
958 3511 1040 3580 δέκα
1061 3509 1232 3580 ταλάντων
1255 3509 1434 3600 ἐτιμήσατε

255 3610 321 3678 κτλ.
364 3609 427 3677 Pro
450 3605 544 3696 ύμεῑς
567 3608 599 3678 δ’
623 3613 708 3698 Aug.
730 3613 762 3678 k.
784 3635 809 3678 r.
832 3608 904 3680 ἄλλ’
929 3607 1024 3698 ύμεῑς
1045 3613 1216 3698 praebent,
1237 3613 1334 3698 idque
1356 3637 1435 3699 pro·

253 3713 343 3780 bavit
369 3711 528 3782 Schaefar.
555 3713 749 3800 Utrumque,
775 3720 808 3781 et
835 3710 921 3782 ἄλλά
947 3719 981 3780 et
1007 3715 1060 3796 δέ,
1085 3715 1149 3782 diei
1174 3715 1316 3800 potuisse
1348 3715 1435 3780 infra

253 3815 445 3898 videbimus3
478 3839 578 3902 quare
605 3817 749 3884 codicum
776 3816 963 3898 auctoritati
995 3815 1242 3902 obsequendum.
1295 3815 1434 3882 Defendi

252 3917 308 3984 rix
334 3923 442 4003 potest
469 3919 518 3986 ἔτι
543 3924 654 3986 τοίνυν
680 3915 789 4004 ὑμεῖς,
810 3919 896 4005 quod
918 3939 935 3983 ε
961 3939 1062 4004 marg.
1090 3925 1120 3985 Σ
1146 3919 1303 3984 adscitum
1334 3923 1383 3984 eat
1413 3943 1433 3983 a

150 4045 153 4054 ·
254 4019 463 4088 Buttmanno.
495 4059 535 4070 —
569 4020 651 4088 Plat
673 4020 768 4110 Apol.
790 4025 862 4090 342
893 4022 949 4087 καὶ
982 4019 1125 4099 ἄλλους
1156 4017 1327 4099 πολλούς
1357 4017 1433 4106 ἐγὼ

251 4121 327 4208 ἔχω
357 4119 432 4210 ύμῖν
459 4123 592 4194 εἰπεῖν
617 4117 661 4193 ὧν
687 4151 761 4195 τινα
786 4123 851 4194 κτλ.
893 4121 967 4190 vid.
995 4123 1092 4190 etiam
1114 4121 1197 4190 Plat.
1219 4121 1316 4208 Soph.
1338 4123 1434 4192 2261)

251 4231 287 4290 et
308 4223 427 4294 Phaet
449 4230 490 4296 94
500 4227 529 4294 b.
