3098 4732
665 159 839 266 ‚1-4„

172 344 230 414 τὸν
252 343 437 434 κατήγορον
460 340 622 414 ἀπειπεῖν
645 339 667 433 ἢ
688 341 745 412 τὸν
766 343 885 430 χρόνον
908 343 1080 412 ἐπιλιπεῖν
1098 366 1245 430 quaeque
1266 343 1352 410 infra

174 448 278 514 dioam
303 449 342 513 de
369 447 440 512 eliis
467 447 545 512 loeis
567 446 664 512 simili
685 447 903 512 membrorum
924 446 1140 514 concinnitate
1161 447 1353 532 insignibus.

260 549 302 616 Is.
323 552 354 630 4,
375 551 418 616 66
440 546 593 627 ἅπαντας
614 548 675 632 μὲν
699 538 755 616 οὗν
779 546 1007 636 ἐξαριθμεῖν
1032 545 1122 627 τούς
1148 547 1353 627 κινδύνους

176 655 262 720 λίαν
289 647 333 720 ἀν
360 652 671 740 μακρολογοίην·
698 649 756 718 ἐπὶ
779 651 816 716 δὲ
838 655 904 716 τῶν
926 655 1091 736 μεγίστων
1114 649 1195 729 στὰς
1215 649 1273 718 τὸν
1295 647 1354 718 αὖ)

175 753 233 822 τδν
259 752 387 841 τρόπον
415 751 520 840 ὅνπερ
543 749 644 840 ὀλίγῳ
672 752 838 841 πρότερον
864 750 1071 840 πειράσομαι
1097 755 1154 820 καί
1175 756 1257 838 περὶ
1277 751 1354 820 τού·

175 881 243 924 των
274 856 434 924 διελθεῖν.
481 854 541 936 (D.)
567 857 623 937 61,
650 858 691 923 27
723 854 876 934 ἅπαντας
905 855 968 939 μὲν
1002 845 1059 922 οὗν
1091 853 1127 922 εί
1162 855 1353 944 διεξιοίην

176 955 255 1037 τοός
278 953 422 1044 ἀγῶνας,
448 957 545 1036 ἰ’σως
576 954 622 1024 ἀν
654 955 817 1044 ἀκαιρον
847 961 972 1045 μήκος
1002 951 1094 1045 ἡμῖν
1127 955 1353 1044 ἐπιγένοιτο

176 1065 229 1148 τῷ
257 1058 373 1148 λόγῳ·
406 1055 479 1138 ἑνὸς
505 1054 547 1140 δ’,
574 1057 609 1126 έν
633 1051 659 1146 ᾧ
682 1057 770 1126 πολὺ
793 1057 979 1147 διήνεγκας,
1005 1061 1172 1148 μνησθεὶς
1192 1055 1297 1128 ταάτά
1317 1083 1354 1126 τε

179 1161 320 1252 δηλώσω
348 1164 405 1230 καί
430 1165 471 1248 τῇ
497 1165 565 1228 τῶν
588 1157 775 1230 ἀκουόντων
799 1159 936 1245 δυνάμει
962 1159 1226 1250 συμμετρότερον
1248 1160 1356 1252 φανή-

179 1288 282 1350 σομαι
297 1262 477 1351 χριόμενος.
512 1262 554 1330 Ιε.
570 1265 599 1345 6,
618 1267 660 1332 42
681 1261 759 1343 τοὺς
780 1264 842 1348 μέν
865 1253 921 1332 οὗν
943 1260 1109 1343 παλαιοὺς
1131 1261 1299 1343 κινδύνους
1322 1263 1357 1330 εἰ
1475 1343 1479 1352 .

179 1369 385 1456 διεξιοίην,
403 1361 459 1446 οὓς
474 1363 678 1455 έποιήσαντο
693 1364 779 1452 πρός
793 1401 844 1448 -,
860 1365 956 1446 ἰ’σως
974 1361 1119 1453 ἀρχαῖα
1137 1369 1203 1434 κοιλ
1220 1364 1355 1455 πόρρω

178 1474 254 1536 τῶν
285 1473 351 1535 νῦν
382 1465 591 1554 παρόντων
622 1470 753 1555 λέγειν
785 1465 830 1535 ἀν
861 1469 1032 1560 δοκοίην.
1075 1468 1116 1534 Ιε.
1138 1473 1173 1553 5,
1199 1471 1242 1536 59
1272 1465 1355 1536 καθ’

180 1571 321 1638 ἕκαστον
345 1569 407 1654 μὲν
429 1559 488 1636 οὗν
508 1573 576 1636 τῶν
594 1567 671 1637 τότε
693 1576 880 1656 γενομένων
899 1569 938 1636 εί
956 1595 1015 1649 τις
1037 1571 1164 1656 λέγειν
1187 1569 1358 1658 ἐπιχειρ-

182 1671 331 1762 ήσειεν,
357 1666 435 1738 οὔτ’
460 1667 506 1738 ἀν
529 1671 709 1740 διελθεῖν
736 1667 907 1760 ἀκριβῶς
933 1669 1105 1755 δόναιτο,
1131 1671 1232 1757 πρός
1253 1697 1294 1738 τε
1315 1670 1358 1740 τὸ

181 1770 307 1861 παρὸν
329 1771 423 1854 ἰ’σως
446 1769 490 1840 ἀν
513 1771 771 1864 ἐνοχλήσειεν.
813 1774 917 1857 (And.)
936 1777 966 1856 4,
989 1777 1031 1842 10
1052 1777 1133 1862 περὶ
1153 1775 1215 1860 μέν
1238 1767 1295 1843 οὗν
1318 1813 1357 1824 -

180 1866 263 1944 καθ’
293 1875 434 1944 ἕκαστον
458 1875 494 1943 εί
520 1874 678 1965 δεήσειε
712 1878 855 1963 λέγειν,
886 1872 956 1944 οὐκ
987 1872 1031 1944 ἀν
1063 1876 1313 1965 ἐξαρκέσειεν
1340 1872 1358 1944 ὁ

108 1973 112 1980 ’
180 1976 317 2065 παριδν
331 1976 487 2065 χρόνος,
510 1976 588 2062 ἀμα
610 1978 652 2046 δέ
675 1980 844 2058 πολλοῖς
865 1974 1124 2068 ἀπεχθοίμην
1145 1984 1221 2046 τῶν
1243 1981 1359 2047 πολι·

179 2085 269 2160 τῶν,
295 2077 444 2168 φανερὰς
469 2076 530 2159 τὰς
556 2079 732 2168 συμφορὰς
759 2085 868 2148 ποιῶν
891 2077 1009 2148 αὐτῶν.
1051 2079 1115 2146 Pro
1137 2079 1250 2168 δεήσει
1271 2085 1358 2146 reete

180 2183 220 2248 de
250 2181 374 2248 Baiteri
404 2182 589 2266 oonjeoture
620 2180 751 2270 δεήσειε
782 2181 911 2267 scripsit
941 2181 1057 2264 Bless,
1087 2183 1126 2248 of.
1151 2189 1280 2268 praeter
1304 2206 1357 2251 eos

179 2284 279 2366 loeos,
305 2283 344 2348 de
370 2283 488 2370 quibus
514 2305 601 2364 nune
622 2285 729 2367 ipsum
751 2285 893 2370 egimus,
919 2283 998 2352 Isoe
1020 2288 1050 2368 3,
1073 2289 1126 2370 113
1153 2309 1211 2372 pro
1234 2281 1293 2354 οὐκ
1316 2323 1356 2334 -

179 2384 257 2471 ἀμα
275 2384 317 2452 δὲ
339 2386 509 2464 πολλοῖς
530 2386 632 2452 bonus
655 2389 765 2451 orator
786 2386 920 2452 dixisset
941 2382 1012 2454 οὔτ’
1033 2423 1074 2436 -
1092 2390 1235 2466 πολλοῖς
1255 2384 1297 2455 τ’.
1315 2381 1357 2438 -’

177 2489 220 2554 Ιε.
246 2491 280 2571 9,
302 2490 344 2555 34
375 2488 411 2555 εἰ
440 2488 502 2572 μὲν
533 2477 590 2555 οὖν
621 2485 710 2576 πρὸς
740 2487 881 2556 ἕκαστον
907 2484 1016 2556 advos
1042 2486 1103 2570 τὰς
1128 2489 1269 2579 πράξεις
1296 2487 1357 2570 τὰς

178 2586 349 2678 Εὐαγόρου
380 2588 722 2678 παραβόλλοιμεν,
757 2586 831 2657 οὔτ’
864 2585 905 2658 ἀν
936 2584 955 2656 ὅ
987 2589 1105 2678 λόγος
1139 2592 1236 2672 ἴσως
1269 2605 1356 2672 τοῖς

179 2706 336 2780 καιροῖς
363 2688 592 2780 ἀρμόσειεν,
618 2687 697 2762 οὔτ’
725 2687 769 2760 ἀν
796 2686 814 2758 ὃ
840 2691 982 2780 χρόνος
1011 2705 1097 2772 τοῖς
1127 2694 1356 2781 λεγομένοις

178 2793 446 2882 ἐξαρκέσειεν·
477 2791 517 2882 ἢν
543 2794 581 2861 δὲ
613 2793 838 2882 προελόμενοι
866 2791 945 2874 τοὺς
976 2789 1264 2882 εὖδοκιμωτάτους
1295 2796 1355 2866 trel

174 2895 303 2964 τούτων
326 2901 515 2980 σκοπῶμεν,
537 2891 634 2964 otto
654 2897 717 2981 μὲν
736 2909 850 2984 χεῖρον
872 2895 1046 2982 ἐξετῶμεν,
1067 2894 1155 2966 πολὺ
1177 2898 1215 2966 dt
1238 2923 1354 2968 συντο-

175 2995 326 3085 μήτερον
353 2995 652 3086 διαλεχθησόμεθα
675 2999 755 3084 περί
776 2994 894 3066 αὐτῶν.
937 2997 987 3066 De
1012 2999 1190 3084 posteriore
1211 3002 1355 3070 membro

176 3099 215 3166 of.
236 3097 294 3180 (D.)
315 3101 366 3182 61,
388 3101 438 3168 27.

260 3201 320 3285 (D.)
342 3203 394 3283 53,
415 3204 436 3268 3
463 3201 499 3270 εί
525 3203 587 3286 μὲν
610 3193 667 3272 οὖν
688 3227 747 3286 μοι
769 3193 813 3291 ἦν
841 3199 976 3272 ίκανδν
1001 3199 1045 3271 τὸ
1070 3201 1172 3292 ὕδωρ
1195 3203 1353 3294 διηγήσα-

176 3309 262 3372 σθαι
283 3301 370 3392 πρὸς
390 3298 476 3388 ὑμᾶς
498 3299 542 3372 τὰ
563 3303 601 3386 ἐξ
621 3299 724 3392 ἀρχῆς
746 3340 801 3387 -,
823 3294 947 3372 εὖνοίδ
972 3303 1024 3374 ὅτι
1045 3325 1103 3354 —··
1129 3310 1185 3374 νῦν
1208 3302 1237 3372 δ’
1262 3301 1352 3374 οὐδὲ

175 3404 392 3474 διπλάσιόν
413 3429 481 3490 μοι
502 3404 643 3474 τούτου
665 3403 768 3494 ὕδωρ
797 3402 932 3474 ίκανδν
955 3403 999 3476 ἀν
1020 3413 1184 3494 γένοιτο.
1226 3397 1352 3493 τὰμὲν

174 3499 242 3576 οὖν
272 3514 439 3596 μέγιστα
470 3545 510 3558 -
543 3507 618 3597 ίρῶ
645 3507 732 3596 πρὸς
757 3505 856 3594 ὑμᾶς,
876 3507 920 3578 τά
946 3510 984 3578 δὲ
1010 3507 1123 3578 πολλὰ
1149 3509 1259 3580 έόσω.
1303 3511 1352 3578 De

175 3611 392 3678 membrorum
413 3611 594 3678 inversione
615 3611 707 3692 (nlius
730 3617 779 3678 est
800 3612 929 3698 generis
950 3611 989 3676 D.
1012 3615 1063 3692 39,
1084 3613 1136 3694 25)
1160 3634 1226 3680 non
1248 3613 1350 3680 habeo

172 3713 262 3798 quod
282 3713 444 3780 eonferom
466 3714 529 3780 nisi
546 3713 661 3780 Aesoh.
678 3717 708 3796 3,
725 3717 789 3782 213
806 3717 887 3802 περὶ
908 3715 946 3782 δὲ
964 3719 1206 3803 Κτησιφῶντος
1222 3721 1350 3804 βραχέα

171 3813 338 3900 βούλομαι
365 3813 485 3898 εἰπεῖν,
510 3811 553 3882 τὰ
579 3817 617 3884 δὲ
647 3813 760 3884 πολλὰ
787 3811 1077 3904 ὑπερβήσομαι.
1120 3817 1165 3884 At
1191 3817 1237 3882 ibi
1266 3837 1349 3902 qnae

173 3917 318 4002 proxime
340 3917 580 4004 subsequuntur
605 3919 738 3985 suadere
761 3919 920 4000 videntur,
945 3921 982 3984 nt
1004 3918 1101 3984 verbo
1122 3925 1248 4008 βραχέα
1269 3917 1350 4004 βοό-

173 4021 275 4106 λομαι
297 4019 409 4088 είπεῑν
431 4043 471 4086 ex
492 4020 742 4106 interpolatione
764 4024 836 4088 orte
857 4041 926 4086 esso
948 4019 1122 4086 credemus.

258 4119 318 4188 Hi·
341 4121 418 4188 lonis
440 4123 597 4190 nonnullo
618 4122 823 4190 dilationis
845 4122 990 4208 exemplo
1012 4121 1140 4204 adjicio:

256 4221 315 4306 (D.)
332 4225 421 4306 61,9
443 4219 526 4292 καθ’
545 4223 624 4293 δλοο
645 4225 707 4310 μὲν
728 4229 840 4292 τοίνυν
862 4229 929 4292 τῶν
950 4219 1167 4310 ὑπαρχόντων
1188 4245 1243 4292 σοι
1260 4221 1349 4310 πρὸς
